id,campaign,date,impressions,impressions_previous_year,clics,click_previous_year,CtR,CpC,CpC_previous_year,spend,spend_previous_year,ACoS,RoAS,sales,orders,units,conversion_rate,page_views,NtB_orders,NtB_orders_percentage,NtB_sales,NtB_sales_persntage,NtB_units,NtB_units_percentage,NtB_order_rate
1,1,1/26/20,83,NULL,6,NULL,0.072289,1.03,NULL,6.2,NULL,0.110873,9.02,55.92,3,4,0.5,29,2,0.666667,36.47,0.652182,3,0.75,0.333333
2,1,1/27/20,35,NULL,3,NULL,0.085714,1.78,NULL,5.35,NULL,0.028578,34.99,187.21,5,9,1.66667,7,2,0.4,27.42,0.146467,2,0.222222,0.666667
3,1,1/28/20,174,NULL,7,NULL,0.04023,0.9,NULL,6.3,NULL,0.323907,3.09,19.45,1,1,0.142857,25,1,1,19.45,1,1,1,0.142857
4,1,1/29/20,154,NULL,7,NULL,0.045455,0.75,NULL,5.23,NULL,0.045047,22.2,116.1,4,5,0.571429,42,3,0.75,82.62,0.711628,3,0.6,0.428571
5,1,1/30/20,209,NULL,7,NULL,0.033493,1.19,NULL,8.34,NULL,0.068778,14.54,121.26,6,8,0.857143,43,4,0.666667,43.46,0.358403,4,0.5,0.571429
6,1,1/31/20,18,NULL,1,NULL,0.055556,0.85,NULL,0.85,NULL,NULL,0,0,0,0,0,16,0,NULL,0,NULL,0,NULL,0
7,1,2/1/20,276,NULL,3,NULL,0.01087,0.47,NULL,1.4,NULL,NULL,0,0,0,0,0,19,0,NULL,0,NULL,0,NULL,0
8,13,2/1/20,872,NULL,6,NULL,0.006881,0.29,NULL,1.72,NULL,NULL,0,0,0,0,0,5,0,NULL,0,NULL,0,NULL,0
9,14,1/26/20,565,NULL,6,NULL,0.010619,0.95,NULL,5.67,NULL,NULL,0,0,0,0,0,7,0,NULL,0,NULL,0,NULL,0
10,14,1/27/20,111,NULL,6,NULL,0.054054,0.86,NULL,5.16,NULL,NULL,0,0,0,0,0,15,0,NULL,0,NULL,0,NULL,0
11,14,1/28/20,601,NULL,6,NULL,0.009983,0.86,NULL,5.15,NULL,NULL,0,0,0,0,0,20,0,NULL,0,NULL,0,NULL,0
12,14,1/29/20,282,NULL,6,NULL,0.021277,0.9,NULL,5.41,NULL,NULL,0,0,0,0,0,12,0,NULL,0,NULL,0,NULL,0
13,14,1/30/20,658,NULL,7,NULL,0.010638,0.8,NULL,5.63,NULL,NULL,0,0,0,0,0,8,0,NULL,0,NULL,0,NULL,0
14,14,1/31/20,117,NULL,2,NULL,0.017094,0.8,NULL,1.6,NULL,NULL,0,0,0,0,0,3,0,NULL,0,NULL,0,NULL,0
15,14,2/1/20,1087,NULL,7,NULL,0.00644,0.73,NULL,5.11,NULL,NULL,0,0,0,0,0,10,0,NULL,0,NULL,0,NULL,0
16,21,1/26/20,602,NULL,10,NULL,0.016611,0.72,NULL,7.16,NULL,0.169749,5.89,42.18,3,3,0.3,11,3,1,42.18,1,3,1,0.3
17,21,1/27/20,322,NULL,7,NULL,0.021739,0.93,NULL,6.48,NULL,0.078708,12.71,82.33,5,5,0.714286,9,3,0.6,43.43,0.527511,3,0.6,0.428571
18,21,1/28/20,80,NULL,4,NULL,0.05,1.58,NULL,6.31,NULL,0.077566,12.89,81.35,2,19,0.5,31,2,1,81.35,1,19,1,0.5
19,21,1/29/20,71,NULL,4,NULL,0.056338,1.33,NULL,5.32,NULL,0.094679,10.56,56.19,4,10,1,12,4,1,56.19,1,10,1,1
20,21,1/30/20,28,NULL,3,NULL,0.107143,2.01,NULL,6.03,NULL,0.122511,8.16,49.22,2,2,0.666667,8,1,0.5,29.77,0.604835,1,0.5,0.333333
21,21,1/31/20,20,NULL,1,NULL,0.05,1.69,NULL,1.69,NULL,NULL,0,0,0,0,0,2,0,NULL,0,NULL,0,NULL,0
22,21,2/1/20,141,NULL,6,NULL,0.042553,1.01,NULL,6.04,NULL,NULL,0,0,0,0,0,17,0,NULL,0,NULL,0,NULL,0
23,28,1/26/20,365,NULL,8,NULL,0.021918,0.73,NULL,5.84,NULL,0.582834,1.72,10.02,2,3,0.25,16,0,0,0,0,0,0,0
24,28,1/27/20,636,NULL,9,NULL,0.014151,0.59,NULL,5.34,NULL,0.012559,79.63,425.21,5,15,0.555556,36,5,1,425.21,1,15,1,0.555556
25,28,1/28/20,369,NULL,6,NULL,0.01626,0.96,NULL,5.74,NULL,0.096438,10.37,59.52,2,2,0.333333,56,2,1,59.52,1,2,1,0.333333
26,28,1/29/20,239,NULL,7,NULL,0.029289,1.04,NULL,7.31,NULL,0.080118,12.48,91.24,4,6,0.571429,62,3,0.75,59.35,0.650482,5,0.833333,0.428571
27,28,1/30/20,270,NULL,7,NULL,0.025926,1.19,NULL,8.31,NULL,0.130312,7.67,63.77,4,6,0.571429,41,4,1,63.77,1,6,1,0.571429
28,28,1/31/20,65,NULL,1,NULL,0.015385,1.9,NULL,1.9,NULL,NULL,0,0,0,0,0,27,0,NULL,0,NULL,0,NULL,0
29,28,2/1/20,507,NULL,7,NULL,0.013807,0.6,NULL,4.23,NULL,0.217481,4.6,19.45,1,1,0.142857,22,1,1,19.45,1,1,1,0.142857
30,93,10/13/19,207,NULL,4,NULL,0.019324,0.36,NULL,1.45,NULL,0.02209,45.27,65.64,3,6,0.75,10,0,0,0,0,0,0,0
31,93,10/14/19,203,NULL,4,NULL,0.019704,0.58,NULL,2.31,NULL,0.077154,12.96,29.94,1,1,0.25,12,0,0,0,0,0,0,0
32,93,10/15/19,213,NULL,4,NULL,0.018779,0.78,NULL,3.13,NULL,0.341703,2.93,9.16,2,2,0.5,24,1,0.5,2.64,0.28821,1,0.5,0.25
33,93,10/16/19,191,NULL,3,NULL,0.015707,0.7,NULL,2.1,NULL,0.060276,16.59,34.84,2,2,0.666667,5,2,1,34.84,1,2,1,0.666667
34,93,10/17/19,157,NULL,5,NULL,0.031847,0.53,NULL,2.66,NULL,0.091724,10.9,29,2,2,0.4,11,1,0.5,19.51,0.672759,1,0.5,0.2
35,93,10/18/19,148,NULL,3,NULL,0.02027,1.58,NULL,4.74,NULL,NULL,0,0,0,0,0,22,0,NULL,0,NULL,0,NULL,0
36,93,10/19/19,186,NULL,6,NULL,0.032258,0.67,NULL,4.01,NULL,0.065363,15.3,61.35,2,3,0.333333,3,1,0.5,20.45,0.333333,1,0.333333,0.166667
37,100,10/13/19,5161,NULL,8,NULL,0.00155,0.41,NULL,3.29,NULL,NULL,0,0,0,0,0,3,0,NULL,0,NULL,0,NULL,0
38,100,10/14/19,4193,NULL,16,NULL,0.003816,0.43,NULL,6.91,NULL,0.151402,6.6,45.64,1,2,0.0625,12,1,1,45.64,1,2,1,0.0625
39,100,10/15/19,3232,NULL,16,NULL,0.00495,0.43,NULL,6.93,NULL,0.175,5.71,39.6,1,1,0.0625,16,0,0,0,0,0,0,0
40,100,10/16/19,1814,NULL,7,NULL,0.003859,0.46,NULL,3.2,NULL,0.135766,7.37,23.57,1,1,0.142857,10,1,1,23.57,1,1,1,0.142857
41,100,10/17/19,1406,NULL,10,NULL,0.007112,0.53,NULL,5.32,NULL,0.126667,7.89,42,3,3,0.3,13,3,1,42,1,3,1,0.3
42,100,10/18/19,1238,NULL,5,NULL,0.004039,0.45,NULL,2.24,NULL,NULL,0,0,0,0,0,3,0,NULL,0,NULL,0,NULL,0
43,100,10/19/19,1422,NULL,1,NULL,0.000703,0.42,NULL,0.42,NULL,NULL,0,0,0,0,0,4,0,NULL,0,NULL,0,NULL,0
44,107,10/13/19,406,NULL,2,NULL,0.004926,0.45,NULL,0.9,NULL,NULL,0,0,0,0,0,1,0,NULL,0,NULL,0,NULL,0
45,107,10/14/19,611,NULL,2,NULL,0.003273,0.73,NULL,1.45,NULL,NULL,0,0,0,0,0,1,0,NULL,0,NULL,0,NULL,0
46,107,10/15/19,564,NULL,1,NULL,0.001773,0.5,NULL,0.5,NULL,NULL,0,0,0,0,0,2,0,NULL,0,NULL,0,NULL,0
47,107,10/16/19,582,NULL,2,NULL,0.003436,0.45,NULL,0.9,NULL,NULL,0,0,0,0,0,2,0,NULL,0,NULL,0,NULL,0
48,107,10/17/19,489,NULL,4,NULL,0.00818,0.48,NULL,1.9,NULL,NULL,0,0,0,0,0,1,0,NULL,0,NULL,0,NULL,0
49,107,10/18/19,422,NULL,1,NULL,0.00237,0.4,NULL,0.4,NULL,NULL,0,0,0,0,0,2,0,NULL,0,NULL,0,NULL,0
50,114,10/13/19,74,NULL,2,NULL,0.027027,0.4,NULL,0.8,NULL,NULL,0,0,0,0,0,3,0,NULL,0,NULL,0,NULL,0
51,114,10/14/19,54,NULL,1,NULL,0.018519,0.92,NULL,0.92,NULL,0.063933,15.64,14.39,1,1,1,3,1,1,14.39,1,1,1,1
52,114,10/16/19,49,NULL,5,NULL,0.102041,1.43,NULL,7.14,NULL,0.167881,5.96,42.53,3,3,0.6,12,2,0.666667,23.16,0.544557,2,0.666667,0.4
53,114,10/17/19,39,NULL,3,NULL,0.076923,0.9,NULL,2.71,NULL,0.061132,16.36,44.33,3,3,1,6,3,1,44.33,1,3,1,1
54,114,10/18/19,76,NULL,1,NULL,0.013158,0.4,NULL,0.4,NULL,NULL,0,0,0,0,0,1,0,NULL,0,NULL,0,NULL,0
55,114,10/19/19,55,NULL,1,NULL,0.018182,2.76,NULL,2.76,NULL,NULL,0,0,0,0,0,17,0,NULL,0,NULL,0,NULL,0
56,28,10/13/19,7,NULL,1,NULL,0.142857,1.98,NULL,1.98,NULL,0.113272,8.83,17.48,2,2,2,1,2,1,17.48,1,2,1,2
57,93,10/20/19,241,NULL,4,NULL,0.016598,1.12,NULL,4.49,NULL,1.1847,0.84,3.79,1,1,0.25,16,0,0,0,0,0,0,0
58,93,10/21/19,242,NULL,6,NULL,0.024793,0.96,NULL,5.76,NULL,0.080899,12.36,71.2,5,5,0.833333,16,0,0,0,0,0,0,0
59,93,10/22/19,280,NULL,11,NULL,0.039286,0.78,NULL,8.61,NULL,0.075846,13.18,113.52,9,10,0.818182,31,2,0.222222,18.38,0.16191,2,0.2,0.181818
60,93,10/23/19,281,NULL,4,NULL,0.014235,0.62,NULL,2.47,NULL,0.038606,25.9,63.98,4,4,1,13,2,0.5,12.18,0.190372,2,0.5,0.5
61,93,10/24/19,248,NULL,5,NULL,0.020161,0.75,NULL,3.74,NULL,0.040176,24.89,93.09,5,5,1,32,5,1,93.09,1,5,1,1
62,93,10/25/19,179,NULL,5,NULL,0.027933,0.57,NULL,2.85,NULL,0.040512,24.68,70.35,3,3,0.6,2,3,1,70.35,1,3,1,0.6
63,93,10/26/19,170,NULL,1,NULL,0.005882,0.4,NULL,0.4,NULL,NULL,0,0,0,0,0,10,0,NULL,0,NULL,0,NULL,0
64,100,10/20/19,2405,NULL,8,NULL,0.003326,0.48,NULL,3.87,NULL,NULL,0,0,0,0,0,8,0,NULL,0,NULL,0,NULL,0
65,100,10/21/19,1491,NULL,3,NULL,0.002012,0.57,NULL,1.7,NULL,NULL,0,0,0,0,0,2,0,NULL,0,NULL,0,NULL,0
66,100,10/22/19,1028,NULL,4,NULL,0.003891,0.5,NULL,2,NULL,NULL,0,0,0,0,0,8,0,NULL,0,NULL,0,NULL,0
67,100,10/23/19,644,NULL,5,NULL,0.007764,0.46,NULL,2.28,NULL,0.033788,29.6,67.48,1,4,0.2,3,1,1,67.48,1,4,1,0.2
68,100,10/24/19,379,NULL,10,NULL,0.026385,0.49,NULL,4.94,NULL,0.209588,4.77,23.57,1,1,0.1,21,1,1,23.57,1,1,1,0.1
69,100,10/25/19,590,NULL,2,NULL,0.00339,0.53,NULL,1.06,NULL,NULL,0,0,0,0,0,0,0,NULL,0,NULL,0,NULL,0
70,100,10/26/19,544,NULL,1,NULL,0.001838,0.42,NULL,0.42,NULL,NULL,0,0,0,0,0,0,0,NULL,0,NULL,0,NULL,0
71,107,10/20/19,488,NULL,2,NULL,0.004098,0.55,NULL,1.09,NULL,NULL,0,0,0,0,0,0,0,NULL,0,NULL,0,NULL,0
72,107,10/21/19,762,NULL,2,NULL,0.002625,0.62,NULL,1.23,NULL,NULL,0,0,0,0,0,2,0,NULL,0,NULL,0,NULL,0
73,107,10/22/19,747,NULL,1,NULL,0.001339,0.4,NULL,0.4,NULL,NULL,0,0,0,0,0,3,0,NULL,0,NULL,0,NULL,0
74,107,10/23/19,674,NULL,2,NULL,0.002967,0.99,NULL,1.98,NULL,NULL,0,0,0,0,0,2,0,NULL,0,NULL,0,NULL,0
75,107,10/24/19,713,NULL,1,NULL,0.001403,0.4,NULL,0.4,NULL,NULL,0,0,0,0,0,0,0,NULL,0,NULL,0,NULL,0
76,107,10/25/19,573,NULL,1,NULL,0.001745,0.4,NULL,0.4,NULL,NULL,0,0,0,0,0,0,0,NULL,0,NULL,0,NULL,0
77,107,10/26/19,452,NULL,2,NULL,0.004425,0.58,NULL,1.15,NULL,NULL,0,0,0,0,0,0,0,NULL,0,NULL,0,NULL,0
78,114,10/21/19,37,NULL,1,NULL,0.027027,0.67,NULL,0.67,NULL,NULL,0,0,0,0,0,1,0,NULL,0,NULL,0,NULL,0
79,114,10/23/19,41,NULL,1,NULL,0.02439,0.66,NULL,0.66,NULL,NULL,0,0,0,0,0,2,0,NULL,0,NULL,0,NULL,0
80,114,10/24/19,45,NULL,2,NULL,0.044444,0.4,NULL,0.8,NULL,NULL,0,0,0,0,0,2,0,NULL,0,NULL,0,NULL,0
81,114,10/25/19,59,NULL,4,NULL,0.067797,0.36,NULL,1.43,NULL,0.038659,25.87,36.99,4,4,1,3,0,0,0,0,0,0,0
82,114,10/26/19,47,NULL,2,NULL,0.042553,0.61,NULL,1.22,NULL,0.066161,15.11,18.44,1,1,0.5,6,1,1,18.44,1,1,1,0.5
83,93,10/27/19,194,NULL,2,NULL,0.010309,1.52,NULL,3.03,NULL,0.155464,6.43,19.49,1,1,0.5,6,1,1,19.49,1,1,1,0.5
84,93,10/28/19,250,NULL,6,NULL,0.024,1.03,NULL,6.15,NULL,0.100228,9.98,61.36,3,4,0.5,32,1,0.333333,7.99,0.130215,1,0.25,0.166667
85,93,10/29/19,242,NULL,6,NULL,0.024793,0.69,NULL,4.11,NULL,0.235126,4.25,17.48,2,2,0.333333,33,2,1,17.48,1,2,1,0.333333
86,93,10/30/19,194,NULL,6,NULL,0.030928,0.96,NULL,5.73,NULL,0.110086,9.08,52.05,4,4,0.666667,15,2,0.5,13.07,0.251105,2,0.5,0.333333
87,93,10/31/19,159,NULL,3,NULL,0.018868,2.53,NULL,7.58,NULL,0.388917,2.57,19.49,1,1,0.333333,2,1,1,19.49,1,1,1,0.333333
88,93,11/1/19,133,NULL,7,NULL,0.052632,0.97,NULL,6.78,NULL,0.200236,4.99,33.86,2,2,0.285714,13,1,0.5,19.47,0.575015,1,0.5,0.142857
89,93,11/2/19,157,NULL,5,NULL,0.031847,2.62,NULL,13.12,NULL,0.137569,7.27,95.37,6,9,1.2,9,2,0.333333,28.48,0.298626,2,0.222222,0.4
90,100,10/27/19,808,NULL,3,NULL,0.003713,0.4,NULL,1.2,NULL,NULL,0,0,0,0,0,1,0,NULL,0,NULL,0,NULL,0
91,100,10/28/19,431,NULL,5,NULL,0.011601,0.44,NULL,2.19,NULL,NULL,0,0,0,0,0,11,0,NULL,0,NULL,0,NULL,0
92,100,10/29/19,543,NULL,3,NULL,0.005525,0.57,NULL,1.7,NULL,NULL,0,0,0,0,0,2,0,NULL,0,NULL,0,NULL,0
93,100,10/30/19,488,NULL,1,NULL,0.002049,0.42,NULL,0.42,NULL,NULL,0,0,0,0,0,1,0,NULL,0,NULL,0,NULL,0
94,100,10/31/19,468,NULL,4,NULL,0.008547,0.27,NULL,1.09,NULL,NULL,0,0,0,0,0,1,0,NULL,0,NULL,0,NULL,0
95,100,11/1/19,485,NULL,3,NULL,0.006186,0.63,NULL,1.89,NULL,NULL,0,0,0,0,0,3,0,NULL,0,NULL,0,NULL,0
96,100,11/2/19,710,NULL,4,NULL,0.005634,0.51,NULL,2.04,NULL,NULL,0,0,0,0,0,2,0,NULL,0,NULL,0,NULL,0
97,107,10/27/19,581,NULL,4,NULL,0.006885,0.62,NULL,2.48,NULL,NULL,0,0,0,0,0,0,0,NULL,0,NULL,0,NULL,0
98,107,10/30/19,596,NULL,3,NULL,0.005034,1.26,NULL,3.77,NULL,NULL,0,0,0,0,0,0,0,NULL,0,NULL,0,NULL,0
99,107,11/1/19,421,NULL,3,NULL,0.007126,0.62,NULL,1.86,NULL,NULL,0,0,0,0,0,1,0,NULL,0,NULL,0,NULL,0
100,107,11/2/19,484,NULL,2,NULL,0.004132,0.83,NULL,1.66,NULL,NULL,0,0,0,0,0,1,0,NULL,0,NULL,0,NULL,0
101,114,10/28/19,136,NULL,3,NULL,0.022059,1.07,NULL,3.22,NULL,0.074399,13.44,43.28,3,3,1,6,0,0,0,0,0,0,0
102,114,10/29/19,89,NULL,4,NULL,0.044944,0.75,NULL,3,NULL,0.082896,12.06,36.19,2,2,0.5,6,1,0.5,3.35,0.092567,1,0.5,0.25
103,114,10/30/19,65,NULL,2,NULL,0.030769,1.02,NULL,2.04,NULL,NULL,0,0,0,0,0,2,0,NULL,0,NULL,0,NULL,0
104,114,10/31/19,119,NULL,5,NULL,0.042017,0.46,NULL,2.3,NULL,0.07626,13.11,30.16,3,4,0.6,7,3,1,30.16,1,4,1,0.6
105,114,11/2/19,91,NULL,3,NULL,0.032967,0.8,NULL,2.4,NULL,0.046172,21.66,51.98,2,2,0.666667,4,1,0.5,19.47,0.374567,1,0.5,0.333333
106,93,11/3/19,190,NULL,5,NULL,0.026316,1.03,NULL,5.13,NULL,0.109944,9.1,46.66,4,4,0.8,12,3,0.75,27.23,0.583583,3,0.75,0.6
107,93,11/4/19,146,NULL,4,NULL,0.027397,1,NULL,4,NULL,NULL,0,0,0,0,0,29,0,NULL,0,NULL,0,NULL,0
108,93,11/5/19,160,NULL,3,NULL,0.01875,1.45,NULL,4.35,NULL,0.075377,13.27,57.71,4,5,1.33333,7,0,0,0,0,0,0,0
109,93,11/6/19,215,NULL,3,NULL,0.013953,1.34,NULL,4.01,NULL,NULL,0,0,0,0,0,16,0,NULL,0,NULL,0,NULL,0
110,93,11/7/19,251,NULL,7,NULL,0.027888,0.78,NULL,5.49,NULL,0.282553,3.54,19.43,1,1,0.142857,4,0,0,0,0,0,0,0
111,93,11/8/19,152,NULL,3,NULL,0.019737,1.56,NULL,4.68,NULL,0.117088,8.54,39.97,2,2,0.666667,28,1,0.5,7.99,0.1999,1,0.5,0.333333
112,93,11/9/19,150,NULL,6,NULL,0.04,1.42,NULL,8.51,NULL,0.261766,3.82,32.51,1,1,0.166667,21,0,0,0,0,0,0,0
113,100,11/3/19,1496,NULL,9,NULL,0.006016,0.53,NULL,4.76,NULL,0.240404,4.16,19.8,1,1,0.111111,5,1,1,19.8,1,1,1,0.111111
114,100,11/4/19,1022,NULL,6,NULL,0.005871,0.47,NULL,2.79,NULL,0.118371,8.45,23.57,1,1,0.166667,6,1,1,23.57,1,1,1,0.166667
115,100,11/5/19,1417,NULL,7,NULL,0.00494,0.49,NULL,3.43,NULL,NULL,0,0,0,0,0,6,0,NULL,0,NULL,0,NULL,0
116,100,11/6/19,1580,NULL,4,NULL,0.002532,0.5,NULL,2.01,NULL,NULL,0,0,0,0,0,4,0,NULL,0,NULL,0,NULL,0
117,100,11/7/19,860,NULL,4,NULL,0.004651,0.36,NULL,1.42,NULL,NULL,0,0,0,0,0,8,0,NULL,0,NULL,0,NULL,0
118,100,11/9/19,637,NULL,3,NULL,0.00471,0.51,NULL,1.53,NULL,NULL,0,0,0,0,0,1,0,NULL,0,NULL,0,NULL,0
119,107,11/3/19,463,NULL,3,NULL,0.006479,0.71,NULL,2.13,NULL,NULL,0,0,0,0,0,1,0,NULL,0,NULL,0,NULL,0
120,107,11/4/19,449,NULL,1,NULL,0.002227,1,NULL,1,NULL,NULL,0,0,0,0,0,0,0,NULL,0,NULL,0,NULL,0
121,107,11/5/19,710,NULL,4,NULL,0.005634,0.6,NULL,2.4,NULL,NULL,0,0,0,0,0,1,0,NULL,0,NULL,0,NULL,0
122,107,11/6/19,876,NULL,3,NULL,0.003425,0.75,NULL,2.25,NULL,0.237092,4.22,9.49,1,1,0.333333,5,1,1,9.49,1,1,1,0.333333
123,107,11/7/19,858,NULL,1,NULL,0.001166,0.55,NULL,0.55,NULL,NULL,0,0,0,0,0,1,0,NULL,0,NULL,0,NULL,0
124,107,11/9/19,565,NULL,3,NULL,0.00531,0.83,NULL,2.49,NULL,NULL,0,0,0,0,0,2,0,NULL,0,NULL,0,NULL,0
125,114,11/3/19,101,NULL,2,NULL,0.019802,0.91,NULL,1.82,NULL,NULL,0,0,0,0,0,3,0,NULL,0,NULL,0,NULL,0
126,114,11/5/19,163,NULL,3,NULL,0.018405,3.02,NULL,9.05,NULL,0.179314,5.58,50.47,3,3,1,4,0,0,0,0,0,0,0
127,114,11/6/19,127,NULL,5,NULL,0.03937,0.49,NULL,2.44,NULL,0.05572,17.95,43.79,4,4,0.8,14,1,0.25,18.84,0.430235,1,0.25,0.2
128,114,11/7/19,112,NULL,3,NULL,0.026786,1.54,NULL,4.62,NULL,0.130472,7.66,35.41,2,3,0.666667,4,1,0.5,19.43,0.548715,1,0.333333,0.333333
129,114,11/8/19,83,NULL,4,NULL,0.048193,1.28,NULL,5.11,NULL,0.263402,3.8,19.4,1,1,0.25,6,0,0,0,0,0,0,0
130,114,11/9/19,92,NULL,4,NULL,0.043478,1.35,NULL,5.38,NULL,0.240501,4.16,22.37,2,2,0.5,19,1,0.5,7.98,0.356728,1,0.5,0.25
131,93,11/10/19,171,NULL,3,NULL,0.017544,1.63,NULL,4.89,NULL,0.054027,18.51,90.51,3,9,1,3,1,0.333333,38.8,0.428682,2,0.222222,0.333333
132,93,11/11/19,227,NULL,8,NULL,0.035242,1.34,NULL,10.75,NULL,NULL,0,0,0,0,0,11,0,NULL,0,NULL,0,NULL,0
133,93,11/12/19,282,NULL,6,NULL,0.021277,1,NULL,5.99,NULL,0.103027,9.71,58.14,3,3,0.5,12,2,0.666667,38.76,0.666667,2,0.666667,0.333333
134,93,11/13/19,507,NULL,8,NULL,0.015779,0.97,NULL,7.75,NULL,0.133299,7.5,58.14,3,3,0.375,9,3,1,58.14,1,3,1,0.375
135,93,11/14/19,370,NULL,4,NULL,0.010811,0.94,NULL,3.76,NULL,0.022599,44.25,166.38,1,6,0.25,27,0,0,0,0,0,0,0
136,93,11/15/19,416,NULL,4,NULL,0.009615,0.78,NULL,3.12,NULL,0.035907,27.85,86.89,4,4,1,6,2,0.5,41.34,0.475774,2,0.5,0.5
137,93,11/16/19,208,NULL,5,NULL,0.024038,1.17,NULL,5.85,NULL,0.052688,18.98,111.03,5,5,1,9,0,0,0,0,0,0,0
138,100,11/10/19,815,NULL,3,NULL,0.003681,0.38,NULL,1.13,NULL,0.029989,33.35,37.68,1,2,0.333333,2,0,0,0,0,0,0,0
139,100,11/11/19,1364,NULL,9,NULL,0.006598,0.53,NULL,4.74,NULL,NULL,0,0,0,0,0,5,0,NULL,0,NULL,0,NULL,0
140,100,11/12/19,907,NULL,4,NULL,0.00441,0.56,NULL,2.25,NULL,NULL,0,0,0,0,0,3,0,NULL,0,NULL,0,NULL,0
141,100,11/13/19,772,NULL,9,NULL,0.011658,0.51,NULL,4.58,NULL,NULL,0,0,0,0,0,18,0,NULL,0,NULL,0,NULL,0
142,100,11/14/19,746,NULL,2,NULL,0.002681,0.53,NULL,1.06,NULL,NULL,0,0,0,0,0,2,0,NULL,0,NULL,0,NULL,0
143,100,11/15/19,404,NULL,3,NULL,0.007426,0.52,NULL,1.56,NULL,0.070112,14.26,22.25,1,1,0.333333,2,1,1,22.25,1,1,1,0.333333
144,100,11/16/19,480,NULL,3,NULL,0.00625,0.43,NULL,1.3,NULL,NULL,0,0,0,0,0,2,0,NULL,0,NULL,0,NULL,0
145,107,11/10/19,485,NULL,2,NULL,0.004124,0.62,NULL,1.23,NULL,NULL,0,0,0,0,0,1,0,NULL,0,NULL,0,NULL,0
146,107,11/11/19,812,NULL,4,NULL,0.004926,0.74,NULL,2.96,NULL,NULL,0,0,0,0,0,2,0,NULL,0,NULL,0,NULL,0
147,107,11/12/19,599,NULL,2,NULL,0.003339,0.45,NULL,0.9,NULL,NULL,0,0,0,0,0,0,0,NULL,0,NULL,0,NULL,0
148,107,11/13/19,615,NULL,1,NULL,0.001626,0.83,NULL,0.83,NULL,NULL,0,0,0,0,0,0,0,NULL,0,NULL,0,NULL,0
149,107,11/14/19,765,NULL,3,NULL,0.003922,0.83,NULL,2.5,NULL,NULL,0,0,0,0,0,1,0,NULL,0,NULL,0,NULL,0
150,107,11/15/19,439,NULL,2,NULL,0.004556,0.83,NULL,1.66,NULL,NULL,0,0,0,0,0,1,0,NULL,0,NULL,0,NULL,0
151,107,11/16/19,410,NULL,1,NULL,0.002439,0.83,NULL,0.83,NULL,NULL,0,0,0,0,0,0,0,NULL,0,NULL,0,NULL,0
152,14,11/11/19,793,NULL,1,NULL,0.001261,1.26,NULL,1.26,NULL,NULL,0,0,0,0,0,0,0,NULL,0,NULL,0,NULL,0
153,14,11/12/19,747,NULL,1,NULL,0.001339,1.24,NULL,1.24,NULL,NULL,0,0,0,0,0,0,0,NULL,0,NULL,0,NULL,0
154,114,11/10/19,103,NULL,6,NULL,0.058252,1.3,NULL,7.82,NULL,0.824025,1.21,9.49,1,1,0.166667,27,0,0,0,0,0,0,0
155,114,11/11/19,205,NULL,5,NULL,0.02439,1.4,NULL,7.02,NULL,0.362229,2.76,19.38,1,1,0.2,11,1,1,19.38,1,1,1,0.2
156,114,11/12/19,119,NULL,6,NULL,0.05042,1.1,NULL,6.59,NULL,0.340041,2.94,19.38,1,1,0.166667,11,1,1,19.38,1,1,1,0.166667
157,114,11/13/19,181,NULL,5,NULL,0.027624,1.52,NULL,7.6,NULL,0.146605,6.82,51.84,2,2,0.4,37,1,0.5,19.38,0.373843,1,0.5,0.2
158,114,11/14/19,103,NULL,2,NULL,0.019417,0.98,NULL,1.95,NULL,NULL,0,0,0,0,0,26,0,NULL,0,NULL,0,NULL,0
159,114,11/15/19,94,NULL,4,NULL,0.042553,1.4,NULL,5.6,NULL,0.17252,5.8,32.46,1,1,0.25,18,0,0,0,0,0,0,0
160,114,11/16/19,540,NULL,7,NULL,0.012963,1.01,NULL,7.04,NULL,NULL,0,0,0,0,0,6,0,NULL,0,NULL,0,NULL,0
161,93,11/17/19,222,NULL,3,NULL,0.013514,1.03,NULL,3.09,NULL,0.922388,1.08,3.35,1,1,0.333333,8,0,0,0,0,0,0,0
162,93,11/18/19,150,NULL,4,NULL,0.026667,1.45,NULL,5.79,NULL,0.298762,3.35,19.38,1,1,0.25,9,0,0,0,0,0,0,0
163,93,11/19/19,219,NULL,3,NULL,0.013699,1.02,NULL,3.05,NULL,NULL,0,0,0,0,0,4,0,NULL,0,NULL,0,NULL,0
164,93,11/20/19,205,NULL,6,NULL,0.029268,1.09,NULL,6.53,NULL,0.104396,9.58,62.55,4,5,0.666667,21,2,0.5,41.46,0.66283,2,0.4,0.333333
165,93,11/21/19,116,NULL,4,NULL,0.034483,1.29,NULL,5.16,NULL,0.143893,6.95,35.86,3,3,0.75,36,0,0,0,0,0,0,0
166,93,11/22/19,131,NULL,6,NULL,0.045802,1.34,NULL,8.05,NULL,0.145622,6.87,55.28,2,2,0.333333,11,2,1,55.28,1,2,1,0.333333
167,93,11/23/19,187,NULL,4,NULL,0.02139,1.44,NULL,5.75,NULL,0.046107,21.69,124.71,5,8,1.25,40,1,0.2,19.36,0.15524,1,0.125,0.25
168,100,11/17/19,2182,NULL,10,NULL,0.004583,0.47,NULL,4.74,NULL,NULL,0,0,0,0,0,3,0,NULL,0,NULL,0,NULL,0
169,100,11/18/19,1537,NULL,8,NULL,0.005205,0.45,NULL,3.57,NULL,0.51073,1.96,6.99,1,1,0.125,10,1,1,6.99,1,1,1,0.125
170,100,11/19/19,1049,NULL,12,NULL,0.011439,0.46,NULL,5.47,NULL,0.243979,4.1,22.42,1,1,0.083333,9,1,1,22.42,1,1,1,0.083333
171,100,11/20/19,1347,NULL,10,NULL,0.007424,0.49,NULL,4.86,NULL,NULL,0,0,0,0,0,10,0,NULL,0,NULL,0,NULL,0
172,100,11/21/19,1055,NULL,12,NULL,0.011374,0.53,NULL,6.35,NULL,0.266471,3.75,23.83,1,1,0.083333,19,1,1,23.83,1,1,1,0.083333
173,100,11/22/19,908,NULL,8,NULL,0.008811,0.46,NULL,3.7,NULL,NULL,0,0,0,0,0,6,0,NULL,0,NULL,0,NULL,0
174,100,11/23/19,1846,NULL,13,NULL,0.007042,0.51,NULL,6.67,NULL,NULL,0,0,0,0,0,3,0,NULL,0,NULL,0,NULL,0
175,107,11/17/19,791,NULL,4,NULL,0.005057,0.68,NULL,2.73,NULL,NULL,0,0,0,0,0,2,0,NULL,0,NULL,0,NULL,0
176,107,11/18/19,1082,NULL,5,NULL,0.004621,0.81,NULL,4.03,NULL,NULL,0,0,0,0,0,2,0,NULL,0,NULL,0,NULL,0
177,107,11/19/19,1032,NULL,3,NULL,0.002907,0.95,NULL,2.84,NULL,NULL,0,0,0,0,0,5,0,NULL,0,NULL,0,NULL,0
178,107,11/20/19,804,NULL,4,NULL,0.004975,0.72,NULL,2.89,NULL,NULL,0,0,0,0,0,0,0,NULL,0,NULL,0,NULL,0
179,107,11/21/19,784,NULL,3,NULL,0.003827,0.68,NULL,2.04,NULL,NULL,0,0,0,0,0,3,0,NULL,0,NULL,0,NULL,0
180,107,11/22/19,664,NULL,2,NULL,0.003012,0.62,NULL,1.23,NULL,NULL,0,0,0,0,0,0,0,NULL,0,NULL,0,NULL,0
181,107,11/23/19,584,NULL,1,NULL,0.001712,0.71,NULL,0.71,NULL,NULL,0,0,0,0,0,0,0,NULL,0,NULL,0,NULL,0
182,14,11/17/19,731,NULL,1,NULL,0.001368,1.74,NULL,1.74,NULL,NULL,0,0,0,0,0,0,0,NULL,0,NULL,0,NULL,0
183,14,11/18/19,629,NULL,1,NULL,0.00159,1.26,NULL,1.26,NULL,NULL,0,0,0,0,0,0,0,NULL,0,NULL,0,NULL,0
184,14,11/22/19,465,NULL,2,NULL,0.004301,1.26,NULL,2.52,NULL,NULL,0,0,0,0,0,2,0,NULL,0,NULL,0,NULL,0
185,114,11/17/19,1474,NULL,12,NULL,0.008141,0.53,NULL,6.39,NULL,0.164861,6.07,38.76,2,2,0.166667,11,1,0.5,19.38,0.5,1,0.5,0.083333
186,114,11/18/19,488,NULL,8,NULL,0.016393,0.47,NULL,3.77,NULL,NULL,0,0,0,0,0,19,0,NULL,0,NULL,0,NULL,0
187,114,11/19/19,898,NULL,5,NULL,0.005568,0.74,NULL,3.69,NULL,0.099407,10.06,37.12,3,3,0.6,10,1,0.333333,19.38,0.522091,1,0.333333,0.2
188,114,11/20/19,427,NULL,5,NULL,0.01171,0.42,NULL,2.1,NULL,0.018735,53.38,112.09,6,7,1.2,21,2,0.333333,39.64,0.353644,3,0.428571,0.4
189,114,11/21/19,410,NULL,2,NULL,0.004878,1.11,NULL,2.21,NULL,NULL,0,0,0,0,0,3,0,NULL,0,NULL,0,NULL,0
190,114,11/22/19,299,NULL,3,NULL,0.010033,1.44,NULL,4.32,NULL,NULL,0,0,0,0,0,4,0,NULL,0,NULL,0,NULL,0
191,114,11/23/19,385,NULL,3,NULL,0.007792,0.84,NULL,2.51,NULL,0.064824,15.43,38.72,2,2,0.666667,6,1,0.5,19.36,0.5,1,0.5,0.333333
192,1,11/24/19,181,NULL,1,NULL,0.005525,1.53,NULL,1.53,NULL,NULL,0,0,0,0,0,2,0,NULL,0,NULL,0,NULL,0
193,1,11/25/19,141,NULL,3,NULL,0.021277,1.27,NULL,3.8,NULL,NULL,0,0,0,0,0,7,0,NULL,0,NULL,0,NULL,0
194,1,11/26/19,166,NULL,4,NULL,0.024096,0.88,NULL,3.52,NULL,0.1375,7.27,25.6,1,4,0.25,10,0,0,0,0,0,0,0
195,1,11/27/19,123,NULL,6,NULL,0.04878,0.68,NULL,4.08,NULL,0.045353,22.05,89.96,5,7,0.833333,64,0,0,0,0,0,0,0
196,1,11/29/19,143,NULL,2,NULL,0.013986,0.55,NULL,1.09,NULL,0.014506,68.94,75.14,3,8,1.5,30,1,0.333333,45.54,0.606069,6,0.75,0.5
197,1,11/30/19,182,NULL,3,NULL,0.016484,1.16,NULL,3.47,NULL,0.107965,9.26,32.14,2,3,0.666667,7,0,0,0,0,0,0,0
198,100,11/24/19,1504,NULL,10,NULL,0.006649,0.48,NULL,4.76,NULL,0.224953,4.45,21.16,1,1,0.1,14,1,1,21.16,1,1,1,0.1
199,100,11/25/19,839,NULL,2,NULL,0.002384,0.55,NULL,1.09,NULL,0.047828,20.91,22.79,1,1,0.5,1,1,1,22.79,1,1,1,0.5
200,100,11/26/19,694,NULL,4,NULL,0.005764,0.49,NULL,1.95,NULL,NULL,0,0,0,0,0,6,0,NULL,0,NULL,0,NULL,0
201,100,11/27/19,444,NULL,2,NULL,0.004505,0.53,NULL,1.06,NULL,NULL,0,0,0,0,0,2,0,NULL,0,NULL,0,NULL,0
202,100,11/28/19,299,NULL,2,NULL,0.006689,0.48,NULL,0.95,NULL,NULL,0,0,0,0,0,2,0,NULL,0,NULL,0,NULL,0
203,100,11/29/19,728,NULL,3,NULL,0.004121,0.32,NULL,0.96,NULL,NULL,0,0,0,0,0,1,0,NULL,0,NULL,0,NULL,0
204,100,11/30/19,639,NULL,8,NULL,0.01252,0.43,NULL,3.45,NULL,NULL,0,0,0,0,0,5,0,NULL,0,NULL,0,NULL,0
205,107,11/24/19,790,NULL,1,NULL,0.001266,0.83,NULL,0.83,NULL,NULL,0,0,0,0,0,0,0,NULL,0,NULL,0,NULL,0
206,107,11/25/19,788,NULL,2,NULL,0.002538,0.52,NULL,1.03,NULL,NULL,0,0,0,0,0,1,0,NULL,0,NULL,0,NULL,0
207,107,11/26/19,683,NULL,2,NULL,0.002928,0.88,NULL,1.75,NULL,NULL,0,0,0,0,0,0,0,NULL,0,NULL,0,NULL,0
208,107,11/27/19,460,NULL,4,NULL,0.008696,0.78,NULL,3.12,NULL,NULL,0,0,0,0,0,1,0,NULL,0,NULL,0,NULL,0
209,107,11/28/19,321,NULL,1,NULL,0.003115,0.92,NULL,0.92,NULL,NULL,0,0,0,0,0,1,0,NULL,0,NULL,0,NULL,0
210,107,11/29/19,142,NULL,2,NULL,0.014085,0.8,NULL,1.59,NULL,NULL,0,0,0,0,0,0,0,NULL,0,NULL,0,NULL,0
211,14,11/26/19,467,NULL,1,NULL,0.002141,1.32,NULL,1.32,NULL,NULL,0,0,0,0,0,0,0,NULL,0,NULL,0,NULL,0
212,14,11/27/19,437,NULL,1,NULL,0.002288,1.32,NULL,1.32,NULL,NULL,0,0,0,0,0,0,0,NULL,0,NULL,0,NULL,0
213,14,11/29/19,713,NULL,1,NULL,0.001403,1.39,NULL,1.39,NULL,NULL,0,0,0,0,0,0,0,NULL,0,NULL,0,NULL,0
214,21,11/24/19,439,NULL,2,NULL,0.004556,0.5,NULL,1,NULL,NULL,0,0,0,0,0,3,0,NULL,0,NULL,0,NULL,0
215,21,11/25/19,460,NULL,5,NULL,0.01087,1.14,NULL,5.71,NULL,0.076357,13.1,74.78,4,4,0.8,15,0,0,0,0,0,0,0
216,21,11/26/19,458,NULL,6,NULL,0.0131,0.88,NULL,5.3,NULL,0.104516,9.57,50.71,4,5,0.666667,10,1,0.25,23.92,0.471702,1,0.2,0.166667
217,21,11/27/19,128,NULL,5,NULL,0.039063,2.13,NULL,10.66,NULL,0.248485,4.02,42.9,4,7,0.8,17,2,0.5,28.95,0.674825,5,0.714286,0.4
218,21,11/28/19,114,NULL,4,NULL,0.035088,0.43,NULL,1.7,NULL,0.507463,1.97,3.35,1,1,0.25,12,1,1,3.35,1,1,1,0.25
219,21,11/29/19,248,NULL,5,NULL,0.020161,0.83,NULL,4.14,NULL,0.043161,23.17,95.92,5,8,1,14,4,0.8,83.12,0.866555,6,0.75,0.8
220,21,11/30/19,209,NULL,2,NULL,0.009569,0.4,NULL,0.8,NULL,NULL,0,0,0,0,0,8,0,NULL,0,NULL,0,NULL,0
221,28,11/25/19,8,NULL,1,NULL,0.125,0.43,NULL,0.43,NULL,NULL,0,0,0,0,0,1,0,NULL,0,NULL,0,NULL,0
222,1,12/1/19,169,NULL,4,NULL,0.023669,0.91,NULL,3.63,NULL,0.046646,21.44,77.82,3,4,0.75,11,1,0.333333,32.94,0.423285,1,0.25,0.25
223,1,12/2/19,183,NULL,2,NULL,0.010929,0.61,NULL,1.21,NULL,0.094531,10.58,12.8,1,2,0.5,23,0,0,0,0,0,0,0
224,1,12/3/19,119,NULL,2,NULL,0.016807,0.63,NULL,1.25,NULL,NULL,0,0,0,0,0,25,0,NULL,0,NULL,0,NULL,0
225,1,12/4/19,121,NULL,5,NULL,0.041322,0.54,NULL,2.72,NULL,0.194425,5.14,13.99,2,2,0.4,26,0,0,0,0,0,0,0
226,1,12/5/19,149,NULL,4,NULL,0.026846,0.35,NULL,1.4,NULL,0.024657,40.56,56.78,5,5,1.25,6,1,0.2,6.4,0.112716,1,0.2,0.25
227,1,12/6/19,87,NULL,6,NULL,0.068966,0.98,NULL,5.88,NULL,0.173043,5.78,33.98,2,4,0.333333,27,0,0,0,0,0,0,0
228,1,12/7/19,71,NULL,1,NULL,0.014085,1.55,NULL,1.55,NULL,NULL,0,0,0,0,0,2,0,NULL,0,NULL,0,NULL,0
229,100,12/1/19,747,NULL,2,NULL,0.002677,0.44,NULL,0.87,NULL,NULL,0,0,0,0,0,0,0,NULL,0,NULL,0,NULL,0
230,100,12/2/19,749,NULL,11,NULL,0.014686,0.44,NULL,4.83,NULL,0.137685,7.26,35.08,1,1,0.090909,11,0,0,0,0,0,0,0
231,100,12/3/19,620,NULL,10,NULL,0.016129,0.49,NULL,4.86,NULL,0.124297,8.05,39.1,2,2,0.2,10,2,1,39.1,1,2,1,0.2
232,100,12/4/19,762,NULL,12,NULL,0.015748,0.57,NULL,6.78,NULL,0.114372,8.74,59.28,2,3,0.166667,12,2,1,59.28,1,3,1,0.166667
233,100,12/5/19,612,NULL,4,NULL,0.006536,0.55,NULL,2.2,NULL,0.056877,17.58,38.68,2,2,0.5,3,2,1,38.68,1,2,1,0.5
234,100,12/6/19,606,NULL,8,NULL,0.013201,0.46,NULL,3.64,NULL,0.188211,5.31,19.34,1,1,0.125,4,1,1,19.34,1,1,1,0.125
235,100,12/7/19,479,NULL,4,NULL,0.008351,0.44,NULL,1.76,NULL,NULL,0,0,0,0,0,11,0,NULL,0,NULL,0,NULL,0
236,14,12/1/19,606,NULL,1,NULL,0.00165,1.39,NULL,1.39,NULL,NULL,0,0,0,0,0,0,0,NULL,0,NULL,0,NULL,0
237,14,12/2/19,917,NULL,1,NULL,0.001091,1.37,NULL,1.37,NULL,NULL,0,0,0,0,0,0,0,NULL,0,NULL,0,NULL,0
238,14,12/3/19,454,NULL,2,NULL,0.004405,1.19,NULL,2.37,NULL,NULL,0,0,0,0,0,0,0,NULL,0,NULL,0,NULL,0
239,14,12/5/19,481,NULL,1,NULL,0.002079,1,NULL,1,NULL,NULL,0,0,0,0,0,2,0,NULL,0,NULL,0,NULL,0
240,21,12/1/19,268,NULL,3,NULL,0.011194,0.61,NULL,1.84,NULL,0.2875,3.48,6.4,1,1,0.333333,4,0,0,0,0,0,0,0
241,21,12/2/19,283,NULL,5,NULL,0.017668,0.93,NULL,4.64,NULL,0.180264,5.55,25.74,2,2,0.4,5,1,0.5,19.34,0.75136,1,0.5,0.2
242,21,12/3/19,169,NULL,5,NULL,0.029586,0.93,NULL,4.67,NULL,NULL,0,0,0,0,0,9,0,NULL,0,NULL,0,NULL,0
243,21,12/4/19,228,NULL,9,NULL,0.039474,1.14,NULL,10.24,NULL,0.195756,5.11,52.31,2,2,0.222222,8,1,0.5,32.99,0.630663,1,0.5,0.111111
244,21,12/5/19,180,NULL,7,NULL,0.038889,0.88,NULL,6.15,NULL,0.113868,8.78,54.01,4,5,0.571429,10,2,0.5,8.09,0.149787,2,0.4,0.285714
245,21,12/6/19,151,NULL,2,NULL,0.013245,1.09,NULL,2.17,NULL,NULL,0,0,0,0,0,7,0,NULL,0,NULL,0,NULL,0
246,21,12/7/19,136,NULL,7,NULL,0.051471,1.17,NULL,8.21,NULL,0.05466,18.29,150.2,9,18,1.28571,31,2,0.222222,25.7,0.171105,2,0.111111,0.285714
247,28,12/7/19,41,NULL,1,NULL,0.02439,0.5,NULL,0.5,NULL,NULL,0,0,0,0,0,1,0,NULL,0,NULL,0,NULL,0
248,1,12/8/19,68,NULL,2,NULL,0.029412,1.14,NULL,2.27,NULL,0.157748,6.34,14.39,1,1,0.5,4,1,1,14.39,1,1,1,0.5
249,1,12/9/19,165,NULL,5,NULL,0.030303,0.67,NULL,3.35,NULL,1,1,3.35,1,1,0.2,19,1,1,3.35,1,1,1,0.2
250,1,12/10/19,195,NULL,7,NULL,0.035897,0.81,NULL,5.68,NULL,0.064885,15.41,87.54,4,7,0.571429,53,3,0.75,59.07,0.674777,4,0.571429,0.428571
251,1,12/11/19,155,NULL,4,NULL,0.025806,0.95,NULL,3.8,NULL,0.079933,12.51,47.54,2,4,0.5,7,0,0,0,0,0,0,0
252,1,12/12/19,173,NULL,3,NULL,0.017341,0.68,NULL,2.03,NULL,NULL,0,0,0,0,0,15,0,NULL,0,NULL,0,NULL,0
253,1,12/13/19,146,NULL,5,NULL,0.034247,0.52,NULL,2.61,NULL,NULL,0,0,0,0,0,5,0,NULL,0,NULL,0,NULL,0
254,1,12/14/19,134,NULL,7,NULL,0.052239,1.18,NULL,8.28,NULL,0.150655,6.64,54.96,3,3,0.428571,14,2,0.666667,31.04,0.564774,2,0.666667,0.285714
255,13,12/8/19,1111,NULL,8,NULL,0.007201,0.46,NULL,3.69,NULL,0.085874,11.64,42.97,2,2,0.25,6,2,1,42.97,1,2,1,0.25
256,13,12/9/19,1257,NULL,10,NULL,0.007955,0.47,NULL,4.67,NULL,NULL,0,0,0,0,0,10,0,NULL,0,NULL,0,NULL,0
257,13,12/10/19,1387,NULL,3,NULL,0.002163,0.41,NULL,1.24,NULL,NULL,0,0,0,0,0,3,0,NULL,0,NULL,0,NULL,0
258,13,12/11/19,1496,NULL,9,NULL,0.006016,0.54,NULL,4.82,NULL,NULL,0,0,0,0,0,3,0,NULL,0,NULL,0,NULL,0
259,13,12/12/19,1084,NULL,6,NULL,0.005535,0.52,NULL,3.14,NULL,NULL,0,0,0,0,0,4,0,NULL,0,NULL,0,NULL,0
260,13,12/13/19,1002,NULL,6,NULL,0.005988,0.6,NULL,3.6,NULL,NULL,0,0,0,0,0,3,0,NULL,0,NULL,0,NULL,0
261,13,12/14/19,1370,NULL,4,NULL,0.00292,0.48,NULL,1.92,NULL,NULL,0,0,0,0,0,1,0,NULL,0,NULL,0,NULL,0
262,14,12/12/19,752,NULL,1,NULL,0.00133,0.62,NULL,0.62,NULL,0.038798,25.77,15.98,1,2,1,1,1,1,15.98,1,2,1,1
263,21,12/8/19,158,NULL,5,NULL,0.031646,1.34,NULL,6.71,NULL,0.11561,8.65,58.04,4,5,0.8,21,2,0.5,25.7,0.442798,2,0.4,0.4
264,21,12/9/19,203,NULL,4,NULL,0.019704,0.57,NULL,2.28,NULL,0.083242,12.01,27.39,1,1,0.25,11,0,0,0,0,0,0,0
265,21,12/10/19,121,NULL,3,NULL,0.024793,0.79,NULL,2.38,NULL,0.072143,13.86,32.99,1,1,0.333333,7,1,1,32.99,1,1,1,0.333333
266,21,12/12/19,74,NULL,1,NULL,0.013514,0.4,NULL,0.4,NULL,0.04215,23.73,9.49,1,1,1,2,0,0,0,0,0,0,0
267,21,12/13/19,98,NULL,4,NULL,0.040816,1.42,NULL,5.66,NULL,0.156917,6.37,36.07,3,3,0.75,13,3,1,36.07,1,3,1,0.75
268,21,12/14/19,86,NULL,4,NULL,0.046512,1.06,NULL,4.25,NULL,0.12989,7.7,32.72,2,2,0.5,6,2,1,32.72,1,2,1,0.5
269,28,12/8/19,63,NULL,1,NULL,0.015873,1.22,NULL,1.22,NULL,0.190625,5.25,6.4,1,1,1,2,1,1,6.4,1,1,1,1
270,28,12/12/19,48,NULL,2,NULL,0.041667,1.43,NULL,2.85,NULL,0.087103,11.48,32.72,1,2,0.5,2,1,1,32.72,1,2,1,0.5
271,1,12/15/19,273,NULL,10,NULL,0.03663,0.76,NULL,7.62,NULL,0.042876,23.32,177.72,11,14,1.1,34,1,0.090909,16.36,0.092055,1,0.071429,0.1
272,1,12/16/19,268,NULL,4,NULL,0.014925,0.81,NULL,3.24,NULL,0.041586,24.05,77.91,5,8,1.25,5,1,0.2,16.36,0.209986,1,0.125,0.25
273,1,12/17/19,414,NULL,5,NULL,0.012077,0.98,NULL,4.89,NULL,0.093804,10.66,52.13,3,4,0.6,9,0,0,0,0,0,0,0
274,1,12/18/19,227,NULL,3,NULL,0.013216,0.87,NULL,2.6,NULL,0.054576,18.32,47.64,5,6,1.66667,16,3,0.6,31.87,0.668976,3,0.5,1
275,1,12/19/19,288,NULL,4,NULL,0.013889,0.92,NULL,3.67,NULL,NULL,0,0,0,0,0,12,0,NULL,0,NULL,0,NULL,0
276,1,12/20/19,149,NULL,9,NULL,0.060403,0.82,NULL,7.35,NULL,0.449267,2.23,16.36,1,1,0.111111,13,1,1,16.36,1,1,1,0.111111
277,1,12/21/19,175,NULL,3,NULL,0.017143,0.86,NULL,2.58,NULL,0.044932,22.26,57.42,3,6,1,9,0,0,0,0,0,0,0
278,13,12/15/19,2923,NULL,6,NULL,0.002053,0.49,NULL,2.96,NULL,NULL,0,0,0,0,0,4,0,NULL,0,NULL,0,NULL,0
279,13,12/16/19,1880,NULL,5,NULL,0.00266,0.62,NULL,3.11,NULL,NULL,0,0,0,0,0,5,0,NULL,0,NULL,0,NULL,0
280,13,12/17/19,1682,NULL,6,NULL,0.003567,0.55,NULL,3.28,NULL,0.13916,7.19,23.57,1,1,0.166667,5,1,1,23.57,1,1,1,0.166667
281,13,12/18/19,1268,NULL,5,NULL,0.003943,0.47,NULL,2.36,NULL,0.119433,8.37,19.76,1,1,0.2,5,1,1,19.76,1,1,1,0.2
282,13,12/19/19,1025,NULL,4,NULL,0.003902,0.57,NULL,2.29,NULL,NULL,0,0,0,0,0,3,0,NULL,0,NULL,0,NULL,0
283,13,12/20/19,1019,NULL,2,NULL,0.001963,0.38,NULL,0.76,NULL,NULL,0,0,0,0,0,1,0,NULL,0,NULL,0,NULL,0
284,13,12/21/19,1221,NULL,2,NULL,0.001638,0.54,NULL,1.08,NULL,0.026106,38.31,41.37,1,1,0.5,2,1,1,41.37,1,1,1,0.5
285,14,12/15/19,901,NULL,1,NULL,0.00111,0.92,NULL,0.92,NULL,NULL,0,0,0,0,0,0,0,NULL,0,NULL,0,NULL,0
286,14,12/16/19,919,NULL,1,NULL,0.001088,1,NULL,1,NULL,NULL,0,0,0,0,0,0,0,NULL,0,NULL,0,NULL,0
287,14,12/19/19,568,NULL,2,NULL,0.003521,0.87,NULL,1.74,NULL,NULL,0,0,0,0,0,1,0,NULL,0,NULL,0,NULL,0
288,21,12/15/19,112,NULL,4,NULL,0.035714,1.17,NULL,4.67,NULL,0.193135,5.18,24.18,4,4,1,16,3,0.75,14.69,0.607527,3,0.75,0.75
289,21,12/16/19,100,NULL,5,NULL,0.05,1.09,NULL,5.44,NULL,0.109303,9.15,49.77,3,3,0.6,26,0,0,0,0,0,0,0
290,21,12/17/19,64,NULL,2,NULL,0.03125,1.85,NULL,3.69,NULL,0.099167,10.08,37.21,2,2,1,13,1,0.5,14.39,0.386724,1,0.5,0.5
291,21,12/18/19,83,NULL,4,NULL,0.048193,1.35,NULL,5.39,NULL,NULL,0,0,0,0,0,9,0,NULL,0,NULL,0,NULL,0
292,21,12/20/19,51,NULL,1,NULL,0.019608,0.99,NULL,0.99,NULL,0.021195,47.18,46.71,2,9,2,5,0,0,0,0,0,0,0
293,28,12/16/19,5,NULL,1,NULL,0.2,1.43,NULL,1.43,NULL,0.426866,2.34,3.35,1,1,1,0,1,1,3.35,1,1,1,1
294,28,12/17/19,6,NULL,1,NULL,0.166667,1.21,NULL,1.21,NULL,0.073961,13.52,16.36,1,1,1,8,0,0,0,0,0,0,0
295,28,12/19/19,36,NULL,1,NULL,0.027778,0.49,NULL,0.49,NULL,NULL,0,0,0,0,0,1,0,NULL,0,NULL,0,NULL,0
296,28,12/20/19,14,NULL,1,NULL,0.071429,1.51,NULL,1.51,NULL,0.188986,5.29,7.99,1,1,1,1,1,1,7.99,1,1,1,1
297,1,12/22/19,224,NULL,2,NULL,0.008929,0.55,NULL,1.1,NULL,0.02708,36.93,40.62,2,2,1,6,2,1,40.62,1,2,1,1
298,1,12/23/19,156,NULL,7,NULL,0.044872,1.2,NULL,8.37,NULL,0.343737,2.91,24.35,2,2,0.285714,10,2,1,24.35,1,2,1,0.285714
299,1,12/24/19,75,NULL,1,NULL,0.013333,0.45,NULL,0.45,NULL,NULL,0,0,0,0,0,2,0,NULL,0,NULL,0,NULL,0
300,1,12/25/19,127,NULL,3,NULL,0.023622,0.79,NULL,2.38,NULL,0.055987,17.86,42.51,2,2,0.666667,6,0,0,0,0,0,0,0
301,1,12/26/19,169,NULL,2,NULL,0.011834,0.64,NULL,1.27,NULL,0.070634,14.16,17.98,1,2,0.5,3,1,1,17.98,1,2,1,0.5
302,1,12/27/19,170,NULL,2,NULL,0.011765,0.54,NULL,1.07,NULL,0.076538,13.07,13.98,1,2,0.5,11,1,1,13.98,1,2,1,0.5
303,1,12/28/19,439,NULL,5,NULL,0.01139,0.87,NULL,4.35,NULL,0.225389,4.44,19.3,1,1,0.2,11,1,1,19.3,1,1,1,0.2
304,13,12/22/19,2219,NULL,5,NULL,0.002253,0.41,NULL,2.03,NULL,NULL,0,0,0,0,0,3,0,NULL,0,NULL,0,NULL,0
305,13,12/23/19,1270,NULL,4,NULL,0.00315,0.67,NULL,2.67,NULL,0.11328,8.83,23.57,1,1,0.25,3,1,1,23.57,1,1,1,0.25
306,13,12/24/19,627,NULL,2,NULL,0.00319,0.26,NULL,0.52,NULL,NULL,0,0,0,0,0,1,0,NULL,0,NULL,0,NULL,0
307,13,12/26/19,1158,NULL,1,NULL,0.000864,0.1,NULL,0.1,NULL,NULL,0,0,0,0,0,5,0,NULL,0,NULL,0,NULL,0
308,13,12/27/19,765,NULL,1,NULL,0.001307,0.66,NULL,0.66,NULL,NULL,0,0,0,0,0,1,0,NULL,0,NULL,0,NULL,0
309,13,12/28/19,760,NULL,3,NULL,0.003947,0.42,NULL,1.26,NULL,NULL,0,0,0,0,0,0,0,NULL,0,NULL,0,NULL,0
310,14,12/25/19,518,NULL,2,NULL,0.003861,0.86,NULL,1.71,NULL,NULL,0,0,0,0,0,0,0,NULL,0,NULL,0,NULL,0
311,14,12/26/19,885,NULL,1,NULL,0.00113,0.97,NULL,0.97,NULL,NULL,0,0,0,0,0,1,0,NULL,0,NULL,0,NULL,0
312,14,12/28/19,307,NULL,1,NULL,0.003257,0.99,NULL,0.99,NULL,NULL,0,0,0,0,0,0,0,NULL,0,NULL,0,NULL,0
313,21,12/22/19,85,NULL,3,NULL,0.035294,0.97,NULL,2.9,NULL,NULL,0,0,0,0,0,3,0,NULL,0,NULL,0,NULL,0
314,21,12/23/19,77,NULL,2,NULL,0.025974,0.95,NULL,1.9,NULL,NULL,0,0,0,0,0,23,0,NULL,0,NULL,0,NULL,0
315,21,12/24/19,55,NULL,1,NULL,0.018182,1.69,NULL,1.69,NULL,0.117443,8.51,14.39,1,1,1,3,1,1,14.39,1,1,1,1
316,21,12/25/19,36,NULL,1,NULL,0.027778,1.69,NULL,1.69,NULL,NULL,0,0,0,0,0,1,0,NULL,0,NULL,0,NULL,0
317,21,12/27/19,83,NULL,1,NULL,0.012048,1.07,NULL,1.07,NULL,0.047241,21.17,22.65,2,2,2,2,0,0,0,0,0,0,0
318,21,12/28/19,83,NULL,1,NULL,0.012048,1.5,NULL,1.5,NULL,NULL,0,0,0,0,0,4,0,NULL,0,NULL,0,NULL,0
319,28,12/23/19,41,NULL,1,NULL,0.02439,1.41,NULL,1.41,NULL,0.060907,16.42,23.15,1,1,1,3,0,0,0,0,0,0,0
320,28,12/26/19,29,NULL,1,NULL,0.034483,0.4,NULL,0.4,NULL,NULL,0,0,0,0,0,0,0,NULL,0,NULL,0,NULL,0
321,28,12/27/19,45,NULL,1,NULL,0.022222,0.5,NULL,0.5,NULL,NULL,0,0,0,0,0,3,0,NULL,0,NULL,0,NULL,0
322,1,12/29/19,750,NULL,9,NULL,0.012,0.58,NULL,5.25,NULL,0.048068,20.8,109.22,4,5,0.444444,36,1,0.25,28.78,0.263505,2,0.4,0.111111
323,1,12/30/19,920,NULL,6,NULL,0.006522,0.54,NULL,3.26,NULL,0.40801,2.45,7.99,1,1,0.166667,5,0,0,0,0,0,0,0
324,1,12/31/19,484,NULL,5,NULL,0.010331,0.72,NULL,3.59,NULL,NULL,0,0,0,0,0,4,0,NULL,0,NULL,0,NULL,0
325,1,1/1/20,802,NULL,6,NULL,0.007481,0.94,NULL,5.62,NULL,0.083532,11.97,67.28,6,6,1,27,3,0.5,17.31,0.257283,3,0.5,0.5
326,1,1/2/20,1254,NULL,12,NULL,0.009569,0.75,NULL,8.98,NULL,0.080473,12.43,111.59,5,5,0.416667,21,0,0,0,0,0,0,0
327,1,1/3/20,1345,NULL,17,NULL,0.012639,0.85,NULL,14.37,NULL,0.101763,9.83,141.21,5,5,0.294118,36,3,0.6,73.76,0.522343,3,0.6,0.176471
328,1,1/4/20,3009,NULL,20,NULL,0.006647,0.65,NULL,12.94,NULL,0.277861,3.6,46.57,3,3,0.15,34,3,1,46.57,1,3,1,0.15
329,13,12/29/19,1198,NULL,1,NULL,0.000835,0.1,NULL,0.1,NULL,NULL,0,0,0,0,0,0,0,NULL,0,NULL,0,NULL,0
330,13,12/30/19,1352,NULL,6,NULL,0.004438,0.37,NULL,2.24,NULL,NULL,0,0,0,0,0,2,0,NULL,0,NULL,0,NULL,0
331,13,12/31/19,867,NULL,2,NULL,0.002307,0.54,NULL,1.08,NULL,NULL,0,0,0,0,0,2,0,NULL,0,NULL,0,NULL,0
332,13,1/1/20,1188,NULL,5,NULL,0.004209,0.69,NULL,3.44,NULL,NULL,0,0,0,0,0,3,0,NULL,0,NULL,0,NULL,0
333,13,1/2/20,1469,NULL,8,NULL,0.005446,0.55,NULL,4.4,NULL,NULL,0,0,0,0,0,1,0,NULL,0,NULL,0,NULL,0
334,13,1/3/20,1592,NULL,4,NULL,0.002513,0.68,NULL,2.73,NULL,NULL,0,0,0,0,0,0,0,NULL,0,NULL,0,NULL,0
335,13,1/4/20,1746,NULL,7,NULL,0.004009,0.52,NULL,3.62,NULL,NULL,0,0,0,0,0,7,0,NULL,0,NULL,0,NULL,0
336,14,12/29/19,510,NULL,3,NULL,0.005882,0.87,NULL,2.61,NULL,0.096417,10.37,27.07,1,1,0.333333,3,1,1,27.07,1,1,1,0.333333
337,14,12/31/19,458,NULL,1,NULL,0.002183,1.13,NULL,1.13,NULL,NULL,0,0,0,0,0,0,0,NULL,0,NULL,0,NULL,0
338,14,1/2/20,802,NULL,3,NULL,0.003741,0.82,NULL,2.46,NULL,NULL,0,0,0,0,0,1,0,NULL,0,NULL,0,NULL,0
339,14,1/4/20,1431,NULL,9,NULL,0.006289,1,NULL,9,NULL,NULL,0,0,0,0,0,15,0,NULL,0,NULL,0,NULL,0
340,21,12/29/19,70,NULL,2,NULL,0.028571,1.6,NULL,3.19,NULL,NULL,0,0,0,0,0,6,0,NULL,0,NULL,0,NULL,0
341,21,12/30/19,86,NULL,1,NULL,0.011628,0.49,NULL,0.49,NULL,0.038162,26.2,12.84,2,2,2,16,0,0,0,0,0,0,0
342,21,1/2/20,90,NULL,1,NULL,0.011111,0.45,NULL,0.45,NULL,NULL,0,0,0,0,0,0,0,NULL,0,NULL,0,NULL,0
343,28,12/30/19,33,NULL,3,NULL,0.090909,1.17,NULL,3.5,NULL,0.067179,14.89,52.1,2,2,0.666667,11,1,0.5,32.94,0.632246,1,0.5,0.333333
344,28,12/31/19,28,NULL,1,NULL,0.035714,0.55,NULL,0.55,NULL,NULL,0,0,0,0,0,1,0,NULL,0,NULL,0,NULL,0
345,28,1/2/20,50,NULL,2,NULL,0.04,0.4,NULL,0.8,NULL,NULL,0,0,0,0,0,0,0,NULL,0,NULL,0,NULL,0
346,1,1/5/20,1414,NULL,14,NULL,0.009901,0.44,NULL,6.19,NULL,0.132918,7.52,46.57,3,3,0.214286,22,2,0.666667,27.27,0.58557,2,0.666667,0.142857
347,1,1/6/20,1550,NULL,14,NULL,0.009032,0.62,NULL,8.65,NULL,NULL,0,0,0,0,0,18,0,NULL,0,NULL,0,NULL,0
348,1,1/7/20,2427,NULL,24,NULL,0.009889,0.51,NULL,12.19,NULL,0.423411,2.36,28.79,2,2,0.083333,43,2,1,28.79,1,2,1,0.083333
349,1,1/8/20,1622,NULL,19,NULL,0.011714,0.64,NULL,12.13,NULL,0.097807,10.22,124.02,6,11,0.315789,40,4,0.666667,61.18,0.493308,5,0.454545,0.210526
350,1,1/9/20,777,NULL,9,NULL,0.011583,0.7,NULL,6.28,NULL,0.170745,5.86,36.78,3,3,0.333333,9,1,0.333333,7.99,0.217238,1,0.333333,0.111111
351,1,1/10/20,426,NULL,7,NULL,0.016432,0.92,NULL,6.43,NULL,0.16771,5.96,38.34,2,2,0.285714,11,1,0.5,19.3,0.503391,1,0.5,0.142857
352,1,1/11/20,443,NULL,5,NULL,0.011287,0.45,NULL,2.24,NULL,0.281054,3.56,7.97,1,1,0.2,6,1,1,7.97,1,1,1,0.2
353,13,1/5/20,2000,NULL,7,NULL,0.0035,0.39,NULL,2.71,NULL,0.118912,8.41,22.79,1,1,0.142857,1,1,1,22.79,1,1,1,0.142857
354,13,1/6/20,1533,NULL,4,NULL,0.002609,0.5,NULL,2,NULL,NULL,0,0,0,0,0,3,0,NULL,0,NULL,0,NULL,0
355,13,1/7/20,1249,NULL,10,NULL,0.008006,0.52,NULL,5.19,NULL,NULL,0,0,0,0,0,6,0,NULL,0,NULL,0,NULL,0
356,13,1/8/20,1248,NULL,6,NULL,0.004808,0.42,NULL,2.54,NULL,0.107764,9.28,23.57,1,1,0.166667,7,1,1,23.57,1,1,1,0.166667
357,13,1/9/20,1361,NULL,6,NULL,0.004409,0.45,NULL,2.72,NULL,0.063835,15.67,42.61,2,2,0.333333,4,1,0.5,23.57,0.553157,1,0.5,0.166667
358,13,1/10/20,854,NULL,5,NULL,0.005855,0.4,NULL,2,NULL,NULL,0,0,0,0,0,3,0,NULL,0,NULL,0,NULL,0
359,13,1/11/20,899,NULL,3,NULL,0.003337,0.28,NULL,0.83,NULL,NULL,0,0,0,0,0,1,0,NULL,0,NULL,0,NULL,0
360,14,1/5/20,1092,NULL,1,NULL,0.000916,1,NULL,1,NULL,NULL,0,0,0,0,0,1,0,NULL,0,NULL,0,NULL,0
361,14,1/6/20,1713,NULL,11,NULL,0.006421,0.91,NULL,10.02,NULL,NULL,0,0,0,0,0,11,0,NULL,0,NULL,0,NULL,0
362,14,1/7/20,1802,NULL,3,NULL,0.001665,1,NULL,3,NULL,NULL,0,0,0,0,0,1,0,NULL,0,NULL,0,NULL,0
363,14,1/8/20,1013,NULL,4,NULL,0.003949,0.91,NULL,3.62,NULL,0.026493,37.75,136.64,2,16,0.5,7,2,1,136.64,1,16,1,0.5
364,14,1/10/20,598,NULL,1,NULL,0.001672,1,NULL,1,NULL,0.030248,33.06,33.06,1,1,1,7,1,1,33.06,1,1,1,1
365,14,1/11/20,745,NULL,1,NULL,0.001342,1,NULL,1,NULL,NULL,0,0,0,0,0,0,0,NULL,0,NULL,0,NULL,0
366,21,1/5/20,153,NULL,1,NULL,0.006536,1.69,NULL,1.69,NULL,NULL,0,0,0,0,0,1,0,NULL,0,NULL,0,NULL,0
367,21,1/6/20,196,NULL,5,NULL,0.02551,0.82,NULL,4.11,NULL,0.285615,3.5,14.39,1,1,0.2,9,1,1,14.39,1,1,1,0.2
368,21,1/7/20,98,NULL,5,NULL,0.05102,0.88,NULL,4.39,NULL,0.10327,9.68,42.51,2,2,0.4,12,1,0.5,19.3,0.454011,1,0.5,0.2
369,21,1/9/20,50,NULL,1,NULL,0.02,0.46,NULL,0.46,NULL,0.057716,17.33,7.97,1,1,1,1,0,0,0,0,0,0,0
370,21,1/11/20,61,NULL,3,NULL,0.04918,0.84,NULL,2.53,NULL,0.131088,7.63,19.3,1,1,0.333333,1,1,1,19.3,1,1,1,0.333333
371,28,1/7/20,91,NULL,4,NULL,0.043956,1.28,NULL,5.12,NULL,0.091707,10.9,55.83,3,10,0.75,5,3,1,55.83,1,10,1,0.75
372,28,1/8/20,80,NULL,3,NULL,0.0375,2.79,NULL,8.37,NULL,0.161552,6.19,51.81,5,5,1.66667,3,5,1,51.81,1,5,1,1.66667
373,1,1/12/20,490,NULL,7,NULL,0.014286,0.87,NULL,6.1,NULL,0.556569,1.8,10.96,2,2,0.285714,7,1,0.5,2.99,0.27281,1,0.5,0.142857
374,1,1/13/20,707,NULL,7,NULL,0.009901,0.47,NULL,3.31,NULL,0.042458,23.55,77.96,1,4,0.142857,7,0,0,0,0,0,0,0
375,1,1/14/20,204,NULL,9,NULL,0.044118,0.86,NULL,7.7,NULL,NULL,0,0,0,0,0,27,0,NULL,0,NULL,0,NULL,0
376,1,1/15/20,62,NULL,4,NULL,0.064516,0.88,NULL,3.51,NULL,0.440402,2.27,7.97,1,1,0.25,25,1,1,7.97,1,1,1,0.25
377,1,1/16/20,69,NULL,2,NULL,0.028986,0.76,NULL,1.51,NULL,0.104934,9.53,14.39,1,1,0.5,14,1,1,14.39,1,1,1,0.5
378,1,1/17/20,56,NULL,6,NULL,0.107143,0.92,NULL,5.53,NULL,0.057223,17.48,96.64,6,6,1,71,2,0.333333,30.96,0.320364,2,0.333333,0.333333
379,13,1/12/20,850,NULL,3,NULL,0.003529,0.4,NULL,1.19,NULL,NULL,0,0,0,0,0,1,0,NULL,0,NULL,0,NULL,0
380,13,1/13/20,988,NULL,6,NULL,0.006073,0.52,NULL,3.09,NULL,0.065549,15.26,47.14,1,2,0.166667,5,1,1,47.14,1,2,1,0.166667
381,13,1/14/20,1000,NULL,7,NULL,0.007,0.46,NULL,3.25,NULL,NULL,0,0,0,0,0,2,0,NULL,0,NULL,0,NULL,0
382,13,1/15/20,1016,NULL,10,NULL,0.009843,0.49,NULL,4.93,NULL,NULL,0,0,0,0,0,18,0,NULL,0,NULL,0,NULL,0
383,13,1/16/20,825,NULL,10,NULL,0.012121,0.59,NULL,5.85,NULL,0.119681,8.36,48.88,2,2,0.2,7,2,1,48.88,1,2,1,0.2
384,13,1/17/20,950,NULL,7,NULL,0.007368,0.58,NULL,4.06,NULL,0.176445,5.67,23.01,1,1,0.142857,10,1,1,23.01,1,1,1,0.142857
385,13,1/18/20,1193,NULL,4,NULL,0.003353,0.49,NULL,1.95,NULL,NULL,0,0,0,0,0,2,0,NULL,0,NULL,0,NULL,0
386,14,1/13/20,765,NULL,2,NULL,0.002614,1,NULL,2,NULL,NULL,0,0,0,0,0,1,0,NULL,0,NULL,0,NULL,0
387,14,1/14/20,804,NULL,1,NULL,0.001244,1,NULL,1,NULL,NULL,0,0,0,0,0,2,0,NULL,0,NULL,0,NULL,0
388,14,1/15/20,847,NULL,1,NULL,0.001181,1.16,NULL,1.16,NULL,NULL,0,0,0,0,0,0,0,NULL,0,NULL,0,NULL,0
389,14,1/16/20,1568,NULL,1,NULL,0.000638,1.3,NULL,1.3,NULL,NULL,0,0,0,0,0,0,0,NULL,0,NULL,0,NULL,0
390,14,1/18/20,629,NULL,1,NULL,0.00159,0.81,NULL,0.81,NULL,NULL,0,0,0,0,0,2,0,NULL,0,NULL,0,NULL,0
391,21,1/12/20,111,NULL,6,NULL,0.054054,0.98,NULL,5.86,NULL,0.114947,8.7,50.98,5,8,0.833333,19,2,0.4,22.1,0.433503,4,0.5,0.333333
392,21,1/13/20,82,NULL,3,NULL,0.036585,0.82,NULL,2.45,NULL,0.030818,32.45,79.5,3,3,1,6,1,0.333333,22.48,0.282767,1,0.333333,0.333333
393,21,1/14/20,103,NULL,2,NULL,0.019417,0.6,NULL,1.2,NULL,0.030992,32.27,38.72,2,2,1,2,2,1,38.72,1,2,1,1
394,21,1/15/20,24,NULL,1,NULL,0.041667,0.45,NULL,0.45,NULL,0.023089,43.31,19.49,1,1,1,2,1,1,19.49,1,1,1,1
395,21,1/16/20,25,NULL,1,NULL,0.04,1,NULL,1,NULL,NULL,0,0,0,0,0,2,0,NULL,0,NULL,0,NULL,0
396,28,1/12/20,76,NULL,2,NULL,0.026316,1.21,NULL,2.42,NULL,NULL,0,0,0,0,0,17,0,NULL,0,NULL,0,NULL,0
397,28,1/13/20,87,NULL,2,NULL,0.022989,1.65,NULL,3.29,NULL,0.058333,17.14,56.4,2,3,1,15,1,0.5,18.98,0.336525,2,0.666667,0.5
398,28,1/14/20,320,NULL,4,NULL,0.0125,1.19,NULL,4.75,NULL,NULL,0,0,0,0,0,24,0,NULL,0,NULL,0,NULL,0
399,28,1/15/20,625,NULL,11,NULL,0.0176,0.8,NULL,8.8,NULL,0.187433,5.34,46.95,3,3,0.272727,17,1,0.333333,19.49,0.415122,1,0.333333,0.090909
400,28,1/16/20,403,NULL,4,NULL,0.009926,1.53,NULL,6.13,NULL,0.180933,5.53,33.88,2,2,0.5,8,0,0,0,0,0,0,0
401,28,1/17/20,367,NULL,4,NULL,0.010899,0.76,NULL,3.02,NULL,0.033267,30.06,90.78,3,6,0.75,8,3,1,90.78,1,6,1,0.75
402,1,1/19/20,110,NULL,3,NULL,0.027273,0.5,NULL,1.5,NULL,NULL,0,0,0,0,0,0,0,NULL,0,NULL,0,NULL,0
403,1,1/20/20,117,NULL,2,NULL,0.017094,0.99,NULL,1.98,NULL,0.045759,21.85,43.27,2,7,1,13,2,1,43.27,1,7,1,1
404,1,1/21/20,127,NULL,3,NULL,0.023622,0.88,NULL,2.65,NULL,0.028288,35.35,93.68,3,7,1,102,3,1,93.68,1,7,1,1
405,1,1/22/20,94,NULL,1,NULL,0.010638,0.5,NULL,0.5,NULL,NULL,0,0,0,0,0,18,0,NULL,0,NULL,0,NULL,0
406,1,1/23/20,79,NULL,5,NULL,0.063291,0.62,NULL,3.1,NULL,0.159383,6.27,19.45,1,1,0.2,18,1,1,19.45,1,1,1,0.2
407,1,1/24/20,103,NULL,5,NULL,0.048544,1.14,NULL,5.72,NULL,0.294087,3.4,19.45,1,1,0.2,4,1,1,19.45,1,1,1,0.2
408,1,1/25/20,79,NULL,1,NULL,0.012658,0.83,NULL,0.83,NULL,NULL,0,0,0,0,0,6,0,NULL,0,NULL,0,NULL,0
409,13,1/19/20,1080,NULL,6,NULL,0.005556,0.55,NULL,3.29,NULL,NULL,0,0,0,0,0,5,0,NULL,0,NULL,0,NULL,0
410,13,1/20/20,1198,NULL,16,NULL,0.013356,0.54,NULL,8.67,NULL,0.36784,2.72,23.57,1,1,0.0625,16,1,1,23.57,1,1,1,0.0625
411,13,1/21/20,1090,NULL,7,NULL,0.006422,0.51,NULL,3.6,NULL,NULL,0,0,0,0,0,3,0,NULL,0,NULL,0,NULL,0
412,13,1/22/20,1368,NULL,6,NULL,0.004386,0.42,NULL,2.54,NULL,0.053071,18.84,47.86,1,2,0.166667,15,1,1,47.86,1,2,1,0.166667
413,13,1/23/20,1760,NULL,6,NULL,0.003409,0.58,NULL,3.46,NULL,0.146797,6.81,23.57,1,1,0.166667,9,1,1,23.57,1,1,1,0.166667
414,14,1/21/20,835,NULL,1,NULL,0.001198,0.84,NULL,0.84,NULL,NULL,0,0,0,0,0,0,0,NULL,0,NULL,0,NULL,0
415,14,1/22/20,881,NULL,6,NULL,0.00681,1.05,NULL,6.27,NULL,NULL,0,0,0,0,0,2,0,NULL,0,NULL,0,NULL,0
416,14,1/23/20,874,NULL,6,NULL,0.006865,1.04,NULL,6.25,NULL,NULL,0,0,0,0,0,7,0,NULL,0,NULL,0,NULL,0
417,14,1/24/20,980,NULL,3,NULL,0.003061,0.87,NULL,2.62,NULL,0.03289,30.4,79.66,2,4,0.666667,21,2,1,79.66,1,4,1,0.666667
418,14,1/25/20,109,NULL,5,NULL,0.045872,1.05,NULL,5.24,NULL,0.237642,4.21,22.05,2,2,0.4,4,2,1,22.05,1,2,1,0.4
419,21,1/20/20,67,NULL,2,NULL,0.029851,1.05,NULL,2.09,NULL,0.618343,1.62,3.38,1,1,0.5,2,0,0,0,0,0,0,0
420,21,1/21/20,89,NULL,2,NULL,0.022472,1.44,NULL,2.87,NULL,NULL,0,0,0,0,0,9,0,NULL,0,NULL,0,NULL,0
421,21,1/22/20,90,NULL,4,NULL,0.044444,1.63,NULL,6.53,NULL,NULL,0,0,0,0,0,9,0,NULL,0,NULL,0,NULL,0
422,21,1/23/20,141,NULL,5,NULL,0.035461,1.43,NULL,7.13,NULL,0.527367,1.9,13.52,2,4,0.4,13,2,1,13.52,1,4,1,0.4
423,21,1/24/20,78,NULL,5,NULL,0.064103,1.26,NULL,6.29,NULL,2.10368,0.48,2.99,1,1,0.2,21,0,0,0,0,0,0,0
424,21,1/25/20,189,NULL,4,NULL,0.021164,0.71,NULL,2.85,NULL,0.119197,8.39,23.91,1,3,0.25,14,0,0,0,0,0,0,0
425,28,1/19/20,884,NULL,5,NULL,0.005656,0.57,NULL,2.86,NULL,0.054611,18.31,52.37,3,7,0.6,5,1,0.333333,19.49,0.37216,1,0.142857,0.2
426,28,1/20/20,620,NULL,13,NULL,0.020968,0.81,NULL,10.48,NULL,0.12908,7.75,81.19,3,3,0.230769,17,1,0.333333,33.59,0.413721,1,0.333333,0.076923
427,28,1/21/20,982,NULL,11,NULL,0.011202,0.45,NULL,4.9,NULL,0.169082,5.91,28.98,2,2,0.181818,17,1,0.5,19.49,0.672533,1,0.5,0.090909
428,28,1/22/20,1229,NULL,12,NULL,0.009764,0.56,NULL,6.69,NULL,0.034325,29.13,194.9,3,9,0.25,16,2,0.666667,121.13,0.621498,6,0.666667,0.166667
429,28,1/23/20,860,NULL,8,NULL,0.009302,1.14,NULL,9.12,NULL,NULL,0,0,0,0,0,22,0,NULL,0,NULL,0,NULL,0
430,28,1/24/20,126,NULL,6,NULL,0.047619,0.91,NULL,5.48,NULL,0.105324,9.49,52.03,3,3,0.5,7,1,0.333333,19.19,0.368826,1,0.333333,0.166667
431,28,1/25/20,526,NULL,6,NULL,0.011407,0.58,NULL,3.49,NULL,0.049079,20.38,71.11,5,9,0.833333,8,1,0.2,9.63,0.135424,3,0.333333,0.166667
480,107,10/19/19,424,NULL,0,NULL,0,0,NULL,0,NULL,0,0,3.58,1,1,NULL,1,1,1,3.58,1,1,1,NULL
483,114,10/15/19,55,NULL,0,NULL,0,0,NULL,0,NULL,NULL,0,0,0,0,NULL,0,0,NULL,0,NULL,0,NULL,NULL
489,28,10/14/19,5,NULL,0,NULL,0,0,NULL,0,NULL,NULL,0,0,0,0,NULL,0,0,NULL,0,NULL,0,NULL,NULL
490,28,10/15/19,7,NULL,0,NULL,0,0,NULL,0,NULL,NULL,0,0,0,0,NULL,0,0,NULL,0,NULL,0,NULL,NULL
491,28,10/16/19,4,NULL,0,NULL,0,0,NULL,0,NULL,NULL,0,0,0,0,NULL,0,0,NULL,0,NULL,0,NULL,NULL
492,28,10/17/19,9,NULL,0,NULL,0,0,NULL,0,NULL,NULL,0,0,0,0,NULL,0,0,NULL,0,NULL,0,NULL,NULL
493,28,10/18/19,2,NULL,0,NULL,0,0,NULL,0,NULL,NULL,0,0,0,0,NULL,0,0,NULL,0,NULL,0,NULL,NULL
494,28,10/19/19,2,NULL,0,NULL,0,0,NULL,0,NULL,NULL,0,0,0,0,NULL,0,0,NULL,0,NULL,0,NULL,NULL
516,114,10/20/19,31,NULL,0,NULL,0,0,NULL,0,NULL,NULL,0,0,0,0,NULL,1,0,NULL,0,NULL,0,NULL,NULL
518,114,10/22/19,31,NULL,0,NULL,0,0,NULL,0,NULL,NULL,0,0,0,0,NULL,0,0,NULL,0,NULL,0,NULL,NULL
523,28,10/20/19,12,NULL,0,NULL,0,0,NULL,0,NULL,NULL,0,0,0,0,NULL,0,0,NULL,0,NULL,0,NULL,NULL
524,28,10/21/19,19,NULL,0,NULL,0,0,NULL,0,NULL,NULL,0,0,0,0,NULL,0,0,NULL,0,NULL,0,NULL,NULL
525,28,10/22/19,15,NULL,0,NULL,0,0,NULL,0,NULL,NULL,0,0,0,0,NULL,0,0,NULL,0,NULL,0,NULL,NULL
526,28,10/23/19,13,NULL,0,NULL,0,0,NULL,0,NULL,NULL,0,0,0,0,NULL,0,0,NULL,0,NULL,0,NULL,NULL
527,28,10/24/19,19,NULL,0,NULL,0,0,NULL,0,NULL,NULL,0,0,0,0,NULL,0,0,NULL,0,NULL,0,NULL,NULL
528,28,10/25/19,11,NULL,0,NULL,0,0,NULL,0,NULL,NULL,0,0,0,0,NULL,0,0,NULL,0,NULL,0,NULL,NULL
529,28,10/26/19,18,NULL,0,NULL,0,0,NULL,0,NULL,NULL,0,0,0,0,NULL,0,0,NULL,0,NULL,0,NULL,NULL
545,107,10/28/19,587,NULL,0,NULL,0,0,NULL,0,NULL,NULL,0,0,0,0,NULL,0,0,NULL,0,NULL,0,NULL,NULL
546,107,10/29/19,523,NULL,0,NULL,0,0,NULL,0,NULL,NULL,0,0,0,0,NULL,0,0,NULL,0,NULL,0,NULL,NULL
548,107,10/31/19,616,NULL,0,NULL,0,0,NULL,0,NULL,NULL,0,0,0,0,NULL,0,0,NULL,0,NULL,0,NULL,NULL
551,114,10/27/19,86,NULL,0,NULL,0,0,NULL,0,NULL,NULL,0,0,0,0,NULL,0,0,NULL,0,NULL,0,NULL,NULL
556,114,11/1/19,93,NULL,0,NULL,0,0,NULL,0,NULL,0,0,4.98,1,1,NULL,3,1,1,4.98,1,1,1,NULL
558,28,10/27/19,7,NULL,0,NULL,0,0,NULL,0,NULL,NULL,0,0,0,0,NULL,0,0,NULL,0,NULL,0,NULL,NULL
559,28,10/28/19,4,NULL,0,NULL,0,0,NULL,0,NULL,NULL,0,0,0,0,NULL,0,0,NULL,0,NULL,0,NULL,NULL
560,28,10/29/19,10,NULL,0,NULL,0,0,NULL,0,NULL,NULL,0,0,0,0,NULL,0,0,NULL,0,NULL,0,NULL,NULL
561,28,10/30/19,1,NULL,0,NULL,0,0,NULL,0,NULL,NULL,0,0,0,0,NULL,0,0,NULL,0,NULL,0,NULL,NULL
562,28,10/31/19,3,NULL,0,NULL,0,0,NULL,0,NULL,NULL,0,0,0,0,NULL,0,0,NULL,0,NULL,0,NULL,NULL
563,28,11/1/19,1,NULL,0,NULL,0,0,NULL,0,NULL,NULL,0,0,0,0,NULL,0,0,NULL,0,NULL,0,NULL,NULL
564,28,11/2/19,3,NULL,0,NULL,0,0,NULL,0,NULL,NULL,0,0,0,0,NULL,0,0,NULL,0,NULL,0,NULL,NULL
577,100,11/8/19,530,NULL,0,NULL,0,0,NULL,0,NULL,NULL,0,0,0,0,NULL,0,0,NULL,0,NULL,0,NULL,NULL
584,107,11/8/19,491,NULL,0,NULL,0,0,NULL,0,NULL,NULL,0,0,0,0,NULL,0,0,NULL,0,NULL,0,NULL,NULL
587,114,11/4/19,168,NULL,0,NULL,0,0,NULL,0,NULL,0,0,5.99,1,1,NULL,0,1,1,5.99,1,1,1,NULL
593,28,11/3/19,3,NULL,0,NULL,0,0,NULL,0,NULL,NULL,0,0,0,0,NULL,0,0,NULL,0,NULL,0,NULL,NULL
594,28,11/4/19,3,NULL,0,NULL,0,0,NULL,0,NULL,NULL,0,0,0,0,NULL,0,0,NULL,0,NULL,0,NULL,NULL
595,28,11/5/19,3,NULL,0,NULL,0,0,NULL,0,NULL,NULL,0,0,0,0,NULL,0,0,NULL,0,NULL,0,NULL,NULL
596,28,11/6/19,2,NULL,0,NULL,0,0,NULL,0,NULL,NULL,0,0,0,0,NULL,0,0,NULL,0,NULL,0,NULL,NULL
597,28,11/7/19,1,NULL,0,NULL,0,0,NULL,0,NULL,NULL,0,0,0,0,NULL,0,0,NULL,0,NULL,0,NULL,NULL
598,28,11/9/19,10,NULL,0,NULL,0,0,NULL,0,NULL,NULL,0,0,0,0,NULL,0,0,NULL,0,NULL,0,NULL,NULL
622,14,11/13/19,689,NULL,0,NULL,0,0,NULL,0,NULL,NULL,0,0,0,0,NULL,0,0,NULL,0,NULL,0,NULL,NULL
623,14,11/14/19,660,NULL,0,NULL,0,0,NULL,0,NULL,NULL,0,0,0,0,NULL,0,0,NULL,0,NULL,0,NULL,NULL
624,14,11/15/19,729,NULL,0,NULL,0,0,NULL,0,NULL,NULL,0,0,0,0,NULL,0,0,NULL,0,NULL,0,NULL,NULL
625,14,11/16/19,819,NULL,0,NULL,0,0,NULL,0,NULL,NULL,0,0,0,0,NULL,0,0,NULL,0,NULL,0,NULL,NULL
633,28,11/10/19,3,NULL,0,NULL,0,0,NULL,0,NULL,NULL,0,0,0,0,NULL,0,0,NULL,0,NULL,0,NULL,NULL
634,28,11/11/19,3,NULL,0,NULL,0,0,NULL,0,NULL,NULL,0,0,0,0,NULL,0,0,NULL,0,NULL,0,NULL,NULL
635,28,11/12/19,3,NULL,0,NULL,0,0,NULL,0,NULL,NULL,0,0,0,0,NULL,0,0,NULL,0,NULL,0,NULL,NULL
636,28,11/15/19,4,NULL,0,NULL,0,0,NULL,0,NULL,NULL,0,0,0,0,NULL,0,0,NULL,0,NULL,0,NULL,NULL
637,28,11/16/19,2,NULL,0,NULL,0,0,NULL,0,NULL,NULL,0,0,0,0,NULL,0,0,NULL,0,NULL,0,NULL,NULL
661,14,11/19/19,568,NULL,0,NULL,0,0,NULL,0,NULL,NULL,0,0,0,0,NULL,0,0,NULL,0,NULL,0,NULL,NULL
662,14,11/20/19,504,NULL,0,NULL,0,0,NULL,0,NULL,NULL,0,0,0,0,NULL,0,0,NULL,0,NULL,0,NULL,NULL
663,14,11/21/19,490,NULL,0,NULL,0,0,NULL,0,NULL,NULL,0,0,0,0,NULL,0,0,NULL,0,NULL,0,NULL,NULL
665,14,11/23/19,595,NULL,0,NULL,0,0,NULL,0,NULL,NULL,0,0,0,0,NULL,0,0,NULL,0,NULL,0,NULL,NULL
673,28,11/17/19,10,NULL,0,NULL,0,0,NULL,0,NULL,NULL,0,0,0,0,NULL,0,0,NULL,0,NULL,0,NULL,NULL
674,28,11/18/19,3,NULL,0,NULL,0,0,NULL,0,NULL,NULL,0,0,0,0,NULL,0,0,NULL,0,NULL,0,NULL,NULL
675,28,11/19/19,1,NULL,0,NULL,0,0,NULL,0,NULL,NULL,0,0,0,0,NULL,0,0,NULL,0,NULL,0,NULL,NULL
676,28,11/21/19,1,NULL,0,NULL,0,0,NULL,0,NULL,NULL,0,0,0,0,NULL,0,0,NULL,0,NULL,0,NULL,NULL
677,28,11/23/19,1,NULL,0,NULL,0,0,NULL,0,NULL,NULL,0,0,0,0,NULL,0,0,NULL,0,NULL,0,NULL,NULL
682,1,11/28/19,55,NULL,0,NULL,0,0,NULL,0,NULL,NULL,0,0,0,0,NULL,0,0,NULL,0,NULL,0,NULL,NULL
698,14,11/24/19,543,NULL,0,NULL,0,0,NULL,0,NULL,NULL,0,0,0,0,NULL,0,0,NULL,0,NULL,0,NULL,NULL
699,14,11/25/19,529,NULL,0,NULL,0,0,NULL,0,NULL,NULL,0,0,0,0,NULL,0,0,NULL,0,NULL,0,NULL,NULL
702,14,11/28/19,496,NULL,0,NULL,0,0,NULL,0,NULL,NULL,0,0,0,0,NULL,0,0,NULL,0,NULL,0,NULL,NULL
704,14,11/30/19,593,NULL,0,NULL,0,0,NULL,0,NULL,NULL,0,0,0,0,NULL,0,0,NULL,0,NULL,0,NULL,NULL
712,28,11/24/19,1,NULL,0,NULL,0,0,NULL,0,NULL,NULL,0,0,0,0,NULL,0,0,NULL,0,NULL,0,NULL,NULL
714,28,11/26/19,1,NULL,0,NULL,0,0,NULL,0,NULL,NULL,0,0,0,0,NULL,0,0,NULL,0,NULL,0,NULL,NULL
715,28,11/28/19,1,NULL,0,NULL,0,0,NULL,0,NULL,NULL,0,0,0,0,NULL,0,0,NULL,0,NULL,0,NULL,NULL
716,28,11/29/19,8,NULL,0,NULL,0,0,NULL,0,NULL,NULL,0,0,0,0,NULL,0,0,NULL,0,NULL,0,NULL,NULL
717,28,11/30/19,7,NULL,0,NULL,0,0,NULL,0,NULL,NULL,0,0,0,0,NULL,0,0,NULL,0,NULL,0,NULL,NULL
735,14,12/4/19,511,NULL,0,NULL,0,0,NULL,0,NULL,NULL,0,0,0,0,NULL,0,0,NULL,0,NULL,0,NULL,NULL
737,14,12/6/19,344,NULL,0,NULL,0,0,NULL,0,NULL,NULL,0,0,0,0,NULL,0,0,NULL,0,NULL,0,NULL,NULL
738,14,12/7/19,407,NULL,0,NULL,0,0,NULL,0,NULL,NULL,0,0,0,0,NULL,0,0,NULL,0,NULL,0,NULL,NULL
746,28,12/1/19,2,NULL,0,NULL,0,0,NULL,0,NULL,NULL,0,0,0,0,NULL,0,0,NULL,0,NULL,0,NULL,NULL
747,28,12/3/19,25,NULL,0,NULL,0,0,NULL,0,NULL,NULL,0,0,0,0,NULL,0,0,NULL,0,NULL,0,NULL,NULL
748,28,12/4/19,79,NULL,0,NULL,0,0,NULL,0,NULL,NULL,0,0,0,0,NULL,0,0,NULL,0,NULL,0,NULL,NULL
749,28,12/5/19,77,NULL,0,NULL,0,0,NULL,0,NULL,NULL,0,0,0,0,NULL,0,0,NULL,0,NULL,0,NULL,NULL
750,28,12/6/19,43,NULL,0,NULL,0,0,NULL,0,NULL,NULL,0,0,0,0,NULL,0,0,NULL,0,NULL,0,NULL,NULL
766,14,12/8/19,594,NULL,0,NULL,0,0,NULL,0,NULL,NULL,0,0,0,0,NULL,0,0,NULL,0,NULL,0,NULL,NULL
767,14,12/9/19,550,NULL,0,NULL,0,0,NULL,0,NULL,NULL,0,0,0,0,NULL,0,0,NULL,0,NULL,0,NULL,NULL
768,14,12/10/19,394,NULL,0,NULL,0,0,NULL,0,NULL,NULL,0,0,0,0,NULL,0,0,NULL,0,NULL,0,NULL,NULL
769,14,12/11/19,361,NULL,0,NULL,0,0,NULL,0,NULL,NULL,0,0,0,0,NULL,0,0,NULL,0,NULL,0,NULL,NULL
771,14,12/13/19,273,NULL,0,NULL,0,0,NULL,0,NULL,NULL,0,0,0,0,NULL,0,0,NULL,0,NULL,0,NULL,NULL
772,14,12/14/19,515,NULL,0,NULL,0,0,NULL,0,NULL,NULL,0,0,0,0,NULL,0,0,NULL,0,NULL,0,NULL,NULL
776,21,12/11/19,103,NULL,0,NULL,0,0,NULL,0,NULL,NULL,0,0,0,0,NULL,1,0,NULL,0,NULL,0,NULL,NULL
781,28,12/9/19,69,NULL,0,NULL,0,0,NULL,0,NULL,NULL,0,0,0,0,NULL,0,0,NULL,0,NULL,0,NULL,NULL
782,28,12/10/19,110,NULL,0,NULL,0,0,NULL,0,NULL,NULL,0,0,0,0,NULL,0,0,NULL,0,NULL,0,NULL,NULL
783,28,12/11/19,97,NULL,0,NULL,0,0,NULL,0,NULL,NULL,0,0,0,0,NULL,0,0,NULL,0,NULL,0,NULL,NULL
785,28,12/13/19,43,NULL,0,NULL,0,0,NULL,0,NULL,NULL,0,0,0,0,NULL,0,0,NULL,0,NULL,0,NULL,NULL
786,28,12/14/19,3,NULL,0,NULL,0,0,NULL,0,NULL,NULL,0,0,0,0,NULL,0,0,NULL,0,NULL,0,NULL,NULL
803,14,12/17/19,726,NULL,0,NULL,0,0,NULL,0,NULL,NULL,0,0,0,0,NULL,0,0,NULL,0,NULL,0,NULL,NULL
804,14,12/18/19,806,NULL,0,NULL,0,0,NULL,0,NULL,NULL,0,0,0,0,NULL,0,0,NULL,0,NULL,0,NULL,NULL
806,14,12/20/19,528,NULL,0,NULL,0,0,NULL,0,NULL,NULL,0,0,0,0,NULL,0,0,NULL,0,NULL,0,NULL,NULL
807,14,12/21/19,612,NULL,0,NULL,0,0,NULL,0,NULL,NULL,0,0,0,0,NULL,0,0,NULL,0,NULL,0,NULL,NULL
812,21,12/19/19,64,NULL,0,NULL,0,0,NULL,0,NULL,0,0,27.4,1,1,NULL,2,0,0,0,0,0,0,NULL
814,21,12/21/19,47,NULL,0,NULL,0,0,NULL,0,NULL,NULL,0,0,0,0,NULL,0,0,NULL,0,NULL,0,NULL,NULL
815,28,12/15/19,5,NULL,0,NULL,0,0,NULL,0,NULL,NULL,0,0,0,0,NULL,0,0,NULL,0,NULL,0,NULL,NULL
818,28,12/18/19,3,NULL,0,NULL,0,0,NULL,0,NULL,NULL,0,0,0,0,NULL,0,0,NULL,0,NULL,0,NULL,NULL
821,28,12/21/19,1,NULL,0,NULL,0,0,NULL,0,NULL,0,0,7.99,1,1,NULL,3,0,0,0,0,0,0,NULL
832,13,12/25/19,515,NULL,0,NULL,0,0,NULL,0,NULL,NULL,0,0,0,0,NULL,0,0,NULL,0,NULL,0,NULL,NULL
836,14,12/22/19,541,NULL,0,NULL,0,0,NULL,0,NULL,NULL,0,0,0,0,NULL,0,0,NULL,0,NULL,0,NULL,NULL
837,14,12/23/19,586,NULL,0,NULL,0,0,NULL,0,NULL,NULL,0,0,0,0,NULL,0,0,NULL,0,NULL,0,NULL,NULL
838,14,12/24/19,437,NULL,0,NULL,0,0,NULL,0,NULL,NULL,0,0,0,0,NULL,0,0,NULL,0,NULL,0,NULL,NULL
841,14,12/27/19,445,NULL,0,NULL,0,0,NULL,0,NULL,NULL,0,0,0,0,NULL,0,0,NULL,0,NULL,0,NULL,NULL
847,21,12/26/19,98,NULL,0,NULL,0,0,NULL,0,NULL,NULL,0,0,0,0,NULL,0,0,NULL,0,NULL,0,NULL,NULL
850,28,12/22/19,5,NULL,0,NULL,0,0,NULL,0,NULL,NULL,0,0,0,0,NULL,0,0,NULL,0,NULL,0,NULL,NULL
852,28,12/24/19,16,NULL,0,NULL,0,0,NULL,0,NULL,NULL,0,0,0,0,NULL,0,0,NULL,0,NULL,0,NULL,NULL
853,28,12/25/19,10,NULL,0,NULL,0,0,NULL,0,NULL,NULL,0,0,0,0,NULL,0,0,NULL,0,NULL,0,NULL,NULL
856,28,12/28/19,33,NULL,0,NULL,0,0,NULL,0,NULL,NULL,0,0,0,0,NULL,0,0,NULL,0,NULL,0,NULL,NULL
872,14,12/30/19,690,NULL,0,NULL,0,0,NULL,0,NULL,NULL,0,0,0,0,NULL,0,0,NULL,0,NULL,0,NULL,NULL
874,14,1/1/20,579,NULL,0,NULL,0,0,NULL,0,NULL,NULL,0,0,0,0,NULL,0,0,NULL,0,NULL,0,NULL,NULL
876,14,1/3/20,799,NULL,0,NULL,0,0,NULL,0,NULL,NULL,0,0,0,0,NULL,0,0,NULL,0,NULL,0,NULL,NULL
880,21,12/31/19,32,NULL,0,NULL,0,0,NULL,0,NULL,0,0,14.69,1,1,NULL,0,0,0,0,0,0,0,NULL
881,21,1/1/20,69,NULL,0,NULL,0,0,NULL,0,NULL,NULL,0,0,0,0,NULL,0,0,NULL,0,NULL,0,NULL,NULL
883,21,1/3/20,100,NULL,0,NULL,0,0,NULL,0,NULL,NULL,0,0,0,0,NULL,0,0,NULL,0,NULL,0,NULL,NULL
884,21,1/4/20,146,NULL,0,NULL,0,0,NULL,0,NULL,0,0,14.39,1,1,NULL,5,1,1,14.39,1,1,1,NULL
885,28,12/29/19,29,NULL,0,NULL,0,0,NULL,0,NULL,NULL,0,0,0,0,NULL,0,0,NULL,0,NULL,0,NULL,NULL
888,28,1/1/20,31,NULL,0,NULL,0,0,NULL,0,NULL,NULL,0,0,0,0,NULL,0,0,NULL,0,NULL,0,NULL,NULL
890,28,1/3/20,22,NULL,0,NULL,0,0,NULL,0,NULL,NULL,0,0,0,0,NULL,0,0,NULL,0,NULL,0,NULL,NULL
891,28,1/4/20,40,NULL,0,NULL,0,0,NULL,0,NULL,NULL,0,0,0,0,NULL,0,0,NULL,0,NULL,0,NULL,NULL
910,14,1/9/20,710,NULL,0,NULL,0,0,NULL,0,NULL,NULL,0,0,0,0,NULL,0,0,NULL,0,NULL,0,NULL,NULL
916,21,1/8/20,84,NULL,0,NULL,0,0,NULL,0,NULL,NULL,0,0,0,0,NULL,3,0,NULL,0,NULL,0,NULL,NULL
918,21,1/10/20,73,NULL,0,NULL,0,0,NULL,0,NULL,NULL,0,0,0,0,NULL,0,0,NULL,0,NULL,0,NULL,NULL
920,28,1/5/20,45,NULL,0,NULL,0,0,NULL,0,NULL,NULL,0,0,0,0,NULL,0,0,NULL,0,NULL,0,NULL,NULL
921,28,1/6/20,76,NULL,0,NULL,0,0,NULL,0,NULL,NULL,0,0,0,0,NULL,0,0,NULL,0,NULL,0,NULL,NULL
924,28,1/9/20,93,NULL,0,NULL,0,0,NULL,0,NULL,NULL,0,0,0,0,NULL,0,0,NULL,0,NULL,0,NULL,NULL
925,28,1/10/20,56,NULL,0,NULL,0,0,NULL,0,NULL,NULL,0,0,0,0,NULL,0,0,NULL,0,NULL,0,NULL,NULL
926,28,1/11/20,70,NULL,0,NULL,0,0,NULL,0,NULL,NULL,0,0,0,0,NULL,0,0,NULL,0,NULL,0,NULL,NULL
933,1,1/18/20,53,NULL,0,NULL,0,0,NULL,0,NULL,NULL,0,0,0,0,NULL,8,0,NULL,0,NULL,0,NULL,NULL
941,14,1/12/20,716,NULL,0,NULL,0,0,NULL,0,NULL,NULL,0,0,0,0,NULL,0,0,NULL,0,NULL,0,NULL,NULL
946,14,1/17/20,602,NULL,0,NULL,0,0,NULL,0,NULL,NULL,0,0,0,0,NULL,0,0,NULL,0,NULL,0,NULL,NULL
953,21,1/17/20,21,NULL,0,NULL,0,0,NULL,0,NULL,NULL,0,0,0,0,NULL,0,0,NULL,0,NULL,0,NULL,NULL
954,21,1/18/20,21,NULL,0,NULL,0,0,NULL,0,NULL,NULL,0,0,0,0,NULL,0,0,NULL,0,NULL,0,NULL,NULL
961,28,1/18/20,327,NULL,0,NULL,0,0,NULL,0,NULL,NULL,0,0,0,0,NULL,0,0,NULL,0,NULL,0,NULL,NULL
974,13,1/24/20,148,NULL,0,NULL,0,0,NULL,0,NULL,NULL,0,0,0,0,NULL,0,0,NULL,0,NULL,0,NULL,NULL
975,14,1/19/20,720,NULL,0,NULL,0,0,NULL,0,NULL,NULL,0,0,0,0,NULL,0,0,NULL,0,NULL,0,NULL,NULL
976,14,1/20/20,768,NULL,0,NULL,0,0,NULL,0,NULL,NULL,0,0,0,0,NULL,0,0,NULL,0,NULL,0,NULL,NULL
982,21,1/19/20,34,NULL,0,NULL,0,0,NULL,0,NULL,NULL,0,0,0,0,NULL,0,0,NULL,0,NULL,0,NULL,NULL
1025,1223,10/13/19,935,NULL,1,NULL,0.0011,0.37,NULL,0.37,NULL,0.0529,0,6.99,1,NULL,NULL,NULL,NULL,NULL,NULL,NULL,NULL,NULL,NULL
1027,1226,10/13/19,1167,NULL,0,NULL,0,0,NULL,0,NULL,0,0,0,0,NULL,NULL,NULL,NULL,NULL,NULL,NULL,NULL,NULL,NULL
1030,1229,10/13/19,60,NULL,0,NULL,0,0,NULL,0,NULL,0,0,0,0,NULL,NULL,NULL,NULL,NULL,NULL,NULL,NULL,NULL,NULL
1031,1230,10/13/19,40,NULL,0,NULL,0,0,NULL,0,NULL,0,0,0,0,NULL,NULL,NULL,NULL,NULL,NULL,NULL,NULL,NULL,NULL
1032,1231,10/13/19,10693,NULL,43,NULL,0.004,1.15,NULL,49.52,NULL,0.5681,0,87.17,12,NULL,NULL,NULL,NULL,NULL,NULL,NULL,NULL,NULL,NULL
1033,1232,10/13/19,77,NULL,1,NULL,0.013,3.84,NULL,3.84,NULL,0,0,0,0,NULL,NULL,NULL,NULL,NULL,NULL,NULL,NULL,NULL,NULL
1034,1233,10/13/19,3120,NULL,5,NULL,0.0016,1.32,NULL,6.59,NULL,0,0,0,0,NULL,NULL,NULL,NULL,NULL,NULL,NULL,NULL,NULL,NULL
1035,1234,10/13/19,1875,NULL,1,NULL,0.0005,0.47,NULL,0.47,NULL,0,0,0,0,NULL,NULL,NULL,NULL,NULL,NULL,NULL,NULL,NULL,NULL
1036,1235,10/13/19,319,NULL,5,NULL,0.0157,1.8,NULL,9.02,NULL,2.38,0,3.79,1,NULL,NULL,NULL,NULL,NULL,NULL,NULL,NULL,NULL,NULL
1037,1236,10/13/19,3886,NULL,6,NULL,0.0015,1.57,NULL,9.44,NULL,0,0,0,0,NULL,NULL,NULL,NULL,NULL,NULL,NULL,NULL,NULL,NULL
1038,1237,10/13/19,545,NULL,3,NULL,0.0055,1.7,NULL,5.09,NULL,0.2489,0,20.45,1,NULL,NULL,NULL,NULL,NULL,NULL,NULL,NULL,NULL,NULL
1039,1238,10/13/19,19620,NULL,52,NULL,0.0027,1.88,NULL,97.79,NULL,0.5627,0,173.78,18,NULL,NULL,NULL,NULL,NULL,NULL,NULL,NULL,NULL,NULL
1040,1239,10/13/19,785,NULL,12,NULL,0.0153,1.05,NULL,12.61,NULL,0.1556,0,81.02,6,NULL,NULL,NULL,NULL,NULL,NULL,NULL,NULL,NULL,NULL
1041,1240,10/13/19,19394,NULL,67,NULL,0.0035,1.18,NULL,79.22,NULL,0.3546,0,223.44,17,NULL,NULL,NULL,NULL,NULL,NULL,NULL,NULL,NULL,NULL
1042,1241,10/13/19,1315,NULL,1,NULL,0.0008,0.97,NULL,0.97,NULL,0,0,0,0,NULL,NULL,NULL,NULL,NULL,NULL,NULL,NULL,NULL,NULL
1043,1242,10/13/19,1261,NULL,0,NULL,0,0,NULL,0,NULL,0,0,0,0,NULL,NULL,NULL,NULL,NULL,NULL,NULL,NULL,NULL,NULL
1044,1243,10/13/19,75,NULL,2,NULL,0.0267,0.4,NULL,0.8,NULL,0.0425,0,18.84,1,NULL,NULL,NULL,NULL,NULL,NULL,NULL,NULL,NULL,NULL
1045,1244,10/13/19,4450,NULL,9,NULL,0.002,1.04,NULL,9.32,NULL,0.5704,0,16.34,2,NULL,NULL,NULL,NULL,NULL,NULL,NULL,NULL,NULL,NULL
1046,1245,10/13/19,18151,NULL,25,NULL,0.0014,1.43,NULL,35.86,NULL,1.1252,0,31.87,3,NULL,NULL,NULL,NULL,NULL,NULL,NULL,NULL,NULL,NULL
1047,1246,10/13/19,64,NULL,6,NULL,0.0938,0.46,NULL,2.76,NULL,0.0499,0,55.35,3,NULL,NULL,NULL,NULL,NULL,NULL,NULL,NULL,NULL,NULL
1048,1248,10/13/19,7801,NULL,18,NULL,0.0023,1.48,NULL,26.72,NULL,0.6533,0,40.9,2,NULL,NULL,NULL,NULL,NULL,NULL,NULL,NULL,NULL,NULL
1049,1249,10/13/19,337,NULL,1,NULL,0.003,0.99,NULL,0.99,NULL,0.1402,0,7.06,1,NULL,NULL,NULL,NULL,NULL,NULL,NULL,NULL,NULL,NULL
1050,1250,10/13/19,2297,NULL,2,NULL,0.0009,2.38,NULL,4.75,NULL,0,0,0,0,NULL,NULL,NULL,NULL,NULL,NULL,NULL,NULL,NULL,NULL
1051,1251,10/13/19,77,NULL,0,NULL,0,0,NULL,0,NULL,0,0,0,0,NULL,NULL,NULL,NULL,NULL,NULL,NULL,NULL,NULL,NULL
1052,1252,10/13/19,197,NULL,1,NULL,0.0051,1.31,NULL,1.31,NULL,0,0,0,0,NULL,NULL,NULL,NULL,NULL,NULL,NULL,NULL,NULL,NULL
1053,1240,10/14/19,27588,NULL,96,NULL,0.0035,1.08,NULL,103.34,NULL,0.5296,0,195.14,17,NULL,NULL,NULL,NULL,NULL,NULL,NULL,NULL,NULL,NULL
1054,1252,10/14/19,166,NULL,1,NULL,0.006,1.01,NULL,1.01,NULL,0.1264,0,7.99,1,NULL,NULL,NULL,NULL,NULL,NULL,NULL,NULL,NULL,NULL
1055,1245,10/14/19,20903,NULL,31,NULL,0.0015,1.53,NULL,47.42,NULL,1.2985,0,36.52,2,NULL,NULL,NULL,NULL,NULL,NULL,NULL,NULL,NULL,NULL
1056,1241,10/14/19,1704,NULL,2,NULL,0.0012,1.72,NULL,3.44,NULL,0.4305,0,7.99,1,NULL,NULL,NULL,NULL,NULL,NULL,NULL,NULL,NULL,NULL
1057,1246,10/14/19,80,NULL,2,NULL,0.025,1.07,NULL,2.13,NULL,0,0,0,0,NULL,NULL,NULL,NULL,NULL,NULL,NULL,NULL,NULL,NULL
1058,1249,10/14/19,728,NULL,1,NULL,0.0014,1.01,NULL,1.01,NULL,0,0,0,0,NULL,NULL,NULL,NULL,NULL,NULL,NULL,NULL,NULL,NULL
1059,1231,10/14/19,13194,NULL,46,NULL,0.0035,1.17,NULL,53.9,NULL,0.8384,0,64.29,11,NULL,NULL,NULL,NULL,NULL,NULL,NULL,NULL,NULL,NULL
1060,1232,10/14/19,62,NULL,0,NULL,0,0,NULL,0,NULL,0,0,0,0,NULL,NULL,NULL,NULL,NULL,NULL,NULL,NULL,NULL,NULL
1061,1223,10/14/19,1181,NULL,5,NULL,0.0042,0.44,NULL,2.2,NULL,0.1168,0,18.84,1,NULL,NULL,NULL,NULL,NULL,NULL,NULL,NULL,NULL,NULL
1062,1229,10/14/19,64,NULL,0,NULL,0,0,NULL,0,NULL,0,0,0,0,NULL,NULL,NULL,NULL,NULL,NULL,NULL,NULL,NULL,NULL
1063,1244,10/14/19,5364,NULL,10,NULL,0.0019,1.17,NULL,11.66,NULL,0.5168,0,22.56,2,NULL,NULL,NULL,NULL,NULL,NULL,NULL,NULL,NULL,NULL
1064,1233,10/14/19,2493,NULL,4,NULL,0.0016,1.45,NULL,5.81,NULL,0,0,0,0,NULL,NULL,NULL,NULL,NULL,NULL,NULL,NULL,NULL,NULL
1065,1236,10/14/19,4380,NULL,7,NULL,0.0016,1.31,NULL,9.14,NULL,0,0,0,0,NULL,NULL,NULL,NULL,NULL,NULL,NULL,NULL,NULL,NULL
1066,1234,10/14/19,1136,NULL,1,NULL,0.0009,0.47,NULL,0.47,NULL,0,0,0,0,NULL,NULL,NULL,NULL,NULL,NULL,NULL,NULL,NULL,NULL
1067,1235,10/14/19,319,NULL,5,NULL,0.0157,0.8,NULL,4.02,NULL,0.0936,0,42.95,3,NULL,NULL,NULL,NULL,NULL,NULL,NULL,NULL,NULL,NULL
1068,1230,10/14/19,53,NULL,0,NULL,0,0,NULL,0,NULL,0,0,0,0,NULL,NULL,NULL,NULL,NULL,NULL,NULL,NULL,NULL,NULL
1069,1237,10/14/19,672,NULL,6,NULL,0.0089,1.58,NULL,9.48,NULL,0.4636,0,20.45,1,NULL,NULL,NULL,NULL,NULL,NULL,NULL,NULL,NULL,NULL
1070,1251,10/14/19,58,NULL,0,NULL,0,0,NULL,0,NULL,0,0,0,0,NULL,NULL,NULL,NULL,NULL,NULL,NULL,NULL,NULL,NULL
1071,1248,10/14/19,9552,NULL,35,NULL,0.0037,1.6,NULL,55.89,NULL,0.789,0,70.84,3,NULL,NULL,NULL,NULL,NULL,NULL,NULL,NULL,NULL,NULL
1072,1242,10/14/19,1797,NULL,1,NULL,0.0006,1.65,NULL,1.65,NULL,0.0447,0,36.9,1,NULL,NULL,NULL,NULL,NULL,NULL,NULL,NULL,NULL,NULL
1073,1250,10/14/19,2354,NULL,0,NULL,0,0,NULL,0,NULL,0,0,0,0,NULL,NULL,NULL,NULL,NULL,NULL,NULL,NULL,NULL,NULL
1074,1226,10/14/19,656,NULL,3,NULL,0.0046,0.78,NULL,2.34,NULL,0.0464,0,50.39,2,NULL,NULL,NULL,NULL,NULL,NULL,NULL,NULL,NULL,NULL
1075,1239,10/14/19,525,NULL,16,NULL,0.0305,1.04,NULL,16.65,NULL,0.1872,0,88.94,8,NULL,NULL,NULL,NULL,NULL,NULL,NULL,NULL,NULL,NULL
1076,1238,10/14/19,26985,NULL,68,NULL,0.0025,2.02,NULL,137.53,NULL,0.602,0,228.46,20,NULL,NULL,NULL,NULL,NULL,NULL,NULL,NULL,NULL,NULL
1077,1243,10/14/19,68,NULL,1,NULL,0.0147,1.14,NULL,1.14,NULL,0,0,0,0,NULL,NULL,NULL,NULL,NULL,NULL,NULL,NULL,NULL,NULL
1078,1239,10/15/19,762,NULL,14,NULL,0.0184,1.19,NULL,16.71,NULL,0.1174,0,142.34,12,NULL,NULL,NULL,NULL,NULL,NULL,NULL,NULL,NULL,NULL
1079,1231,10/15/19,14955,NULL,37,NULL,0.0025,1.09,NULL,40.23,NULL,1.9048,0,21.12,6,NULL,NULL,NULL,NULL,NULL,NULL,NULL,NULL,NULL,NULL
1080,1243,10/15/19,103,NULL,5,NULL,0.0485,1.11,NULL,5.54,NULL,0.0784,0,70.65,2,NULL,NULL,NULL,NULL,NULL,NULL,NULL,NULL,NULL,NULL
1081,1238,10/15/19,10687,NULL,22,NULL,0.0021,1.63,NULL,35.79,NULL,9.4433,0,3.79,1,NULL,NULL,NULL,NULL,NULL,NULL,NULL,NULL,NULL,NULL
1082,1226,10/15/19,599,NULL,0,NULL,0,0,NULL,0,NULL,0,0,0,0,NULL,NULL,NULL,NULL,NULL,NULL,NULL,NULL,NULL,NULL
1083,1244,10/15/19,3931,NULL,13,NULL,0.0033,0.96,NULL,12.53,NULL,0.8227,0,15.23,2,NULL,NULL,NULL,NULL,NULL,NULL,NULL,NULL,NULL,NULL
1084,1248,10/15/19,10204,NULL,20,NULL,0.002,1.5,NULL,30,NULL,0.5954,0,50.39,2,NULL,NULL,NULL,NULL,NULL,NULL,NULL,NULL,NULL,NULL
1085,1249,10/15/19,507,NULL,4,NULL,0.0079,0.92,NULL,3.68,NULL,0,0,0,0,NULL,NULL,NULL,NULL,NULL,NULL,NULL,NULL,NULL,NULL
1086,1242,10/15/19,1910,NULL,6,NULL,0.0031,3.41,NULL,20.45,NULL,0.5542,0,36.9,2,NULL,NULL,NULL,NULL,NULL,NULL,NULL,NULL,NULL,NULL
1087,1252,10/15/19,155,NULL,0,NULL,0,0,NULL,0,NULL,0,0,0,0,NULL,NULL,NULL,NULL,NULL,NULL,NULL,NULL,NULL,NULL
1088,1246,10/15/19,145,NULL,2,NULL,0.0138,0.89,NULL,1.78,NULL,0,0,0,0,NULL,NULL,NULL,NULL,NULL,NULL,NULL,NULL,NULL,NULL
1089,1236,10/15/19,3807,NULL,2,NULL,0.0005,1.35,NULL,2.69,NULL,0,0,0,0,NULL,NULL,NULL,NULL,NULL,NULL,NULL,NULL,NULL,NULL
1090,1237,10/15/19,634,NULL,6,NULL,0.0095,1.38,NULL,8.28,NULL,0.1643,0,50.39,2,NULL,NULL,NULL,NULL,NULL,NULL,NULL,NULL,NULL,NULL
1091,1233,10/15/19,2029,NULL,4,NULL,0.002,1.24,NULL,4.97,NULL,0,0,0,0,NULL,NULL,NULL,NULL,NULL,NULL,NULL,NULL,NULL,NULL
1092,1230,10/15/19,7,NULL,0,NULL,0,0,NULL,0,NULL,0,0,0,0,NULL,NULL,NULL,NULL,NULL,NULL,NULL,NULL,NULL,NULL
1093,1235,10/15/19,160,NULL,4,NULL,0.025,1.49,NULL,5.97,NULL,0.1573,0,37.96,3,NULL,NULL,NULL,NULL,NULL,NULL,NULL,NULL,NULL,NULL
1094,1229,10/15/19,57,NULL,0,NULL,0,0,NULL,0,NULL,0,0,0,0,NULL,NULL,NULL,NULL,NULL,NULL,NULL,NULL,NULL,NULL
1095,1245,10/15/19,19247,NULL,33,NULL,0.0017,1.46,NULL,48.1,NULL,0.5802,0,82.91,5,NULL,NULL,NULL,NULL,NULL,NULL,NULL,NULL,NULL,NULL
1096,1250,10/15/19,2441,NULL,1,NULL,0.0004,0.48,NULL,0.48,NULL,0,0,0,0,NULL,NULL,NULL,NULL,NULL,NULL,NULL,NULL,NULL,NULL
1097,1240,10/15/19,25012,NULL,86,NULL,0.0034,1.09,NULL,93.77,NULL,0.5415,0,173.17,16,NULL,NULL,NULL,NULL,NULL,NULL,NULL,NULL,NULL,NULL
1098,1234,10/15/19,957,NULL,3,NULL,0.0031,0.64,NULL,1.91,NULL,0,0,0,0,NULL,NULL,NULL,NULL,NULL,NULL,NULL,NULL,NULL,NULL
1099,1251,10/15/19,115,NULL,0,NULL,0,0,NULL,0,NULL,0,0,0,0,NULL,NULL,NULL,NULL,NULL,NULL,NULL,NULL,NULL,NULL
1100,1223,10/15/19,1147,NULL,2,NULL,0.0017,0.36,NULL,0.72,NULL,0,0,0,0,NULL,NULL,NULL,NULL,NULL,NULL,NULL,NULL,NULL,NULL
1101,1241,10/15/19,1972,NULL,1,NULL,0.0005,1.32,NULL,1.32,NULL,0,0,0,0,NULL,NULL,NULL,NULL,NULL,NULL,NULL,NULL,NULL,NULL
1102,1232,10/15/19,66,NULL,0,NULL,0,0,NULL,0,NULL,0,0,0,0,NULL,NULL,NULL,NULL,NULL,NULL,NULL,NULL,NULL,NULL
1103,1246,10/16/19,60,NULL,2,NULL,0.0333,0.37,NULL,0.74,NULL,0,0,0,0,NULL,NULL,NULL,NULL,NULL,NULL,NULL,NULL,NULL,NULL
1104,1231,10/16/19,12192,NULL,29,NULL,0.0024,1.2,NULL,34.94,NULL,0.9159,0,38.15,7,NULL,NULL,NULL,NULL,NULL,NULL,NULL,NULL,NULL,NULL
1105,1232,10/16/19,44,NULL,0,NULL,0,0,NULL,0,NULL,0,0,0,0,NULL,NULL,NULL,NULL,NULL,NULL,NULL,NULL,NULL,NULL
1106,1249,10/16/19,497,NULL,1,NULL,0.002,1.8,NULL,1.8,NULL,0,0,0,0,NULL,NULL,NULL,NULL,NULL,NULL,NULL,NULL,NULL,NULL
1107,1223,10/16/19,884,NULL,0,NULL,0,0,NULL,0,NULL,0,0,0,0,NULL,NULL,NULL,NULL,NULL,NULL,NULL,NULL,NULL,NULL
1108,1229,10/16/19,62,NULL,0,NULL,0,0,NULL,0,NULL,0,0,0,0,NULL,NULL,NULL,NULL,NULL,NULL,NULL,NULL,NULL,NULL
1109,1233,10/16/19,1011,NULL,4,NULL,0.004,1.31,NULL,5.23,NULL,0.3704,0,14.12,2,NULL,NULL,NULL,NULL,NULL,NULL,NULL,NULL,NULL,NULL
1110,1236,10/16/19,2425,NULL,8,NULL,0.0033,1.5,NULL,12.02,NULL,0.3761,0,31.96,2,NULL,NULL,NULL,NULL,NULL,NULL,NULL,NULL,NULL,NULL
1111,1248,10/16/19,8968,NULL,20,NULL,0.0022,1.49,NULL,29.84,NULL,0.6112,0,48.82,3,NULL,NULL,NULL,NULL,NULL,NULL,NULL,NULL,NULL,NULL
1112,1242,10/16/19,1640,NULL,1,NULL,0.0006,1.33,NULL,1.33,NULL,0,0,0,0,NULL,NULL,NULL,NULL,NULL,NULL,NULL,NULL,NULL,NULL
1113,1250,10/16/19,1884,NULL,2,NULL,0.0011,1.37,NULL,2.74,NULL,0,0,0,0,NULL,NULL,NULL,NULL,NULL,NULL,NULL,NULL,NULL,NULL
1114,1226,10/16/19,761,NULL,1,NULL,0.0013,1.49,NULL,1.49,NULL,0,0,0,0,NULL,NULL,NULL,NULL,NULL,NULL,NULL,NULL,NULL,NULL
1115,1238,10/16/19,141,NULL,2,NULL,0.0142,1.45,NULL,2.9,NULL,0,0,0,0,NULL,NULL,NULL,NULL,NULL,NULL,NULL,NULL,NULL,NULL
1116,1239,10/16/19,775,NULL,14,NULL,0.0181,1,NULL,14.06,NULL,0.1345,0,104.52,7,NULL,NULL,NULL,NULL,NULL,NULL,NULL,NULL,NULL,NULL
1117,1245,10/16/19,20558,NULL,27,NULL,0.0013,1.56,NULL,42.06,NULL,0.7599,0,55.35,2,NULL,NULL,NULL,NULL,NULL,NULL,NULL,NULL,NULL,NULL
1118,1252,10/16/19,207,NULL,1,NULL,0.0048,1.02,NULL,1.02,NULL,0,0,0,0,NULL,NULL,NULL,NULL,NULL,NULL,NULL,NULL,NULL,NULL
1119,1240,10/16/19,21306,NULL,76,NULL,0.0036,1.15,NULL,87.48,NULL,1.8351,0,47.67,8,NULL,NULL,NULL,NULL,NULL,NULL,NULL,NULL,NULL,NULL
1120,1243,10/16/19,106,NULL,4,NULL,0.0377,0.83,NULL,3.32,NULL,0.0783,0,42.41,2,NULL,NULL,NULL,NULL,NULL,NULL,NULL,NULL,NULL,NULL
1121,1251,10/16/19,96,NULL,0,NULL,0,0,NULL,0,NULL,0,0,0,0,NULL,NULL,NULL,NULL,NULL,NULL,NULL,NULL,NULL,NULL
1122,1234,10/16/19,1594,NULL,2,NULL,0.0013,0.24,NULL,0.47,NULL,0,0,0,0,NULL,NULL,NULL,NULL,NULL,NULL,NULL,NULL,NULL,NULL
1123,1235,10/16/19,0,NULL,0,NULL,0,0,NULL,0,NULL,0,0,0,0,NULL,NULL,NULL,NULL,NULL,NULL,NULL,NULL,NULL,NULL
1124,1237,10/16/19,502,NULL,11,NULL,0.0219,1.16,NULL,12.77,NULL,0.0682,0,187.13,8,NULL,NULL,NULL,NULL,NULL,NULL,NULL,NULL,NULL,NULL
1125,1244,10/16/19,3834,NULL,4,NULL,0.001,1.16,NULL,4.63,NULL,0.2186,0,21.18,1,NULL,NULL,NULL,NULL,NULL,NULL,NULL,NULL,NULL,NULL
1126,1241,10/16/19,1077,NULL,3,NULL,0.0028,1.76,NULL,5.27,NULL,0,0,0,0,NULL,NULL,NULL,NULL,NULL,NULL,NULL,NULL,NULL,NULL
1127,1249,10/17/19,896,NULL,6,NULL,0.0067,0.96,NULL,5.76,NULL,0.3035,0,18.98,2,NULL,NULL,NULL,NULL,NULL,NULL,NULL,NULL,NULL,NULL
1128,1239,10/17/19,782,NULL,10,NULL,0.0128,1.24,NULL,12.43,NULL,0.2024,0,61.4,7,NULL,NULL,NULL,NULL,NULL,NULL,NULL,NULL,NULL,NULL
1129,1223,10/17/19,780,NULL,2,NULL,0.0026,0.47,NULL,0.94,NULL,0.1345,0,6.99,1,NULL,NULL,NULL,NULL,NULL,NULL,NULL,NULL,NULL,NULL
1130,1229,10/17/19,55,NULL,0,NULL,0,0,NULL,0,NULL,0,0,0,0,NULL,NULL,NULL,NULL,NULL,NULL,NULL,NULL,NULL,NULL
1131,1242,10/17/19,8,NULL,0,NULL,0,0,NULL,0,NULL,0,0,0,0,NULL,NULL,NULL,NULL,NULL,NULL,NULL,NULL,NULL,NULL
1132,1236,10/17/19,2434,NULL,2,NULL,0.0008,1.09,NULL,2.18,NULL,0,0,0,0,NULL,NULL,NULL,NULL,NULL,NULL,NULL,NULL,NULL,NULL
1133,1245,10/17/19,115,NULL,0,NULL,0,0,NULL,0,NULL,0,0,0,0,NULL,NULL,NULL,NULL,NULL,NULL,NULL,NULL,NULL,NULL
1134,1241,10/17/19,786,NULL,1,NULL,0.0013,1.05,NULL,1.05,NULL,0,0,0,0,NULL,NULL,NULL,NULL,NULL,NULL,NULL,NULL,NULL,NULL
1135,1238,10/17/19,0,NULL,0,NULL,0,0,NULL,0,NULL,0,0,0,0,NULL,NULL,NULL,NULL,NULL,NULL,NULL,NULL,NULL,NULL
1136,1243,10/17/19,71,NULL,2,NULL,0.0282,0.75,NULL,1.5,NULL,0,0,0,0,NULL,NULL,NULL,NULL,NULL,NULL,NULL,NULL,NULL,NULL
1137,1240,10/17/19,18383,NULL,65,NULL,0.0035,1.12,NULL,72.99,NULL,0.5946,0,122.75,15,NULL,NULL,NULL,NULL,NULL,NULL,NULL,NULL,NULL,NULL
1138,1252,10/17/19,143,NULL,0,NULL,0,0,NULL,0,NULL,0,0,0,0,NULL,NULL,NULL,NULL,NULL,NULL,NULL,NULL,NULL,NULL
1139,1231,10/17/19,11064,NULL,28,NULL,0.0025,1.42,NULL,39.81,NULL,2.05,0,19.42,5,NULL,NULL,NULL,NULL,NULL,NULL,NULL,NULL,NULL,NULL
1140,1234,10/17/19,1602,NULL,1,NULL,0.0006,1.04,NULL,1.04,NULL,0,0,0,0,NULL,NULL,NULL,NULL,NULL,NULL,NULL,NULL,NULL,NULL
1141,1233,10/17/19,2988,NULL,4,NULL,0.0013,1.32,NULL,5.27,NULL,0,0,0,0,NULL,NULL,NULL,NULL,NULL,NULL,NULL,NULL,NULL,NULL
1142,1237,10/17/19,517,NULL,4,NULL,0.0077,1.63,NULL,6.5,NULL,0,0,0,0,NULL,NULL,NULL,NULL,NULL,NULL,NULL,NULL,NULL,NULL
1143,1244,10/17/19,4971,NULL,20,NULL,0.004,1.07,NULL,21.3,NULL,0.3995,0,53.32,5,NULL,NULL,NULL,NULL,NULL,NULL,NULL,NULL,NULL,NULL
1144,1250,10/17/19,1521,NULL,3,NULL,0.002,1.99,NULL,5.98,NULL,0,0,0,0,NULL,NULL,NULL,NULL,NULL,NULL,NULL,NULL,NULL,NULL
1145,1232,10/17/19,1,NULL,0,NULL,0,0,NULL,0,NULL,0,0,0,0,NULL,NULL,NULL,NULL,NULL,NULL,NULL,NULL,NULL,NULL
1146,1248,10/17/19,7782,NULL,18,NULL,0.0023,1.43,NULL,25.75,NULL,0.2242,0,114.86,5,NULL,NULL,NULL,NULL,NULL,NULL,NULL,NULL,NULL,NULL
1147,1226,10/17/19,574,NULL,0,NULL,0,0,NULL,0,NULL,0,0,0,0,NULL,NULL,NULL,NULL,NULL,NULL,NULL,NULL,NULL,NULL
1148,1251,10/17/19,128,NULL,0,NULL,0,0,NULL,0,NULL,0,0,0,0,NULL,NULL,NULL,NULL,NULL,NULL,NULL,NULL,NULL,NULL
1149,1243,10/18/19,84,NULL,1,NULL,0.0119,0.62,NULL,0.62,NULL,0,0,0,0,NULL,NULL,NULL,NULL,NULL,NULL,NULL,NULL,NULL,NULL
1150,1240,10/18/19,18314,NULL,54,NULL,0.003,1.17,NULL,62.95,NULL,0.5504,0,114.38,8,NULL,NULL,NULL,NULL,NULL,NULL,NULL,NULL,NULL,NULL
1151,1252,10/18/19,137,NULL,1,NULL,0.0073,0.79,NULL,0.79,NULL,0,0,0,0,NULL,NULL,NULL,NULL,NULL,NULL,NULL,NULL,NULL,NULL
1152,1239,10/18/19,835,NULL,14,NULL,0.0168,0.79,NULL,11,NULL,0.0903,0,121.85,7,NULL,NULL,NULL,NULL,NULL,NULL,NULL,NULL,NULL,NULL
1153,1238,10/18/19,7893,NULL,25,NULL,0.0032,1.54,NULL,38.45,NULL,0.921,0,41.75,5,NULL,NULL,NULL,NULL,NULL,NULL,NULL,NULL,NULL,NULL
1154,1226,10/18/19,580,NULL,1,NULL,0.0017,0.75,NULL,0.75,NULL,0,0,0,0,NULL,NULL,NULL,NULL,NULL,NULL,NULL,NULL,NULL,NULL
1155,1250,10/18/19,1419,NULL,1,NULL,0.0007,0.12,NULL,0.12,NULL,0,0,0,0,NULL,NULL,NULL,NULL,NULL,NULL,NULL,NULL,NULL,NULL
1156,1248,10/18/19,7585,NULL,16,NULL,0.0021,1.43,NULL,22.93,NULL,0.7659,0,29.94,1,NULL,NULL,NULL,NULL,NULL,NULL,NULL,NULL,NULL,NULL
1157,1251,10/18/19,89,NULL,0,NULL,0,0,NULL,0,NULL,0,0,0,0,NULL,NULL,NULL,NULL,NULL,NULL,NULL,NULL,NULL,NULL
1158,1230,10/18/19,19,NULL,0,NULL,0,0,NULL,0,NULL,0,0,0,0,NULL,NULL,NULL,NULL,NULL,NULL,NULL,NULL,NULL,NULL
1159,1237,10/18/19,632,NULL,2,NULL,0.0032,0.8,NULL,1.6,NULL,0.0782,0,20.45,1,NULL,NULL,NULL,NULL,NULL,NULL,NULL,NULL,NULL,NULL
1160,1231,10/18/19,10595,NULL,25,NULL,0.0024,1.42,NULL,35.54,NULL,0.7933,0,44.8,5,NULL,NULL,NULL,NULL,NULL,NULL,NULL,NULL,NULL,NULL
1161,1235,10/18/19,249,NULL,2,NULL,0.008,1.93,NULL,3.86,NULL,0,0,0,0,NULL,NULL,NULL,NULL,NULL,NULL,NULL,NULL,NULL,NULL
1162,1234,10/18/19,1087,NULL,0,NULL,0,0,NULL,0,NULL,0,0,0,0,NULL,NULL,NULL,NULL,NULL,NULL,NULL,NULL,NULL,NULL
1163,1229,10/18/19,93,NULL,1,NULL,0.0108,1.87,NULL,1.87,NULL,0,0,0,0,NULL,NULL,NULL,NULL,NULL,NULL,NULL,NULL,NULL,NULL
1164,1223,10/18/19,655,NULL,1,NULL,0.0015,0.48,NULL,0.48,NULL,0,0,0,0,NULL,NULL,NULL,NULL,NULL,NULL,NULL,NULL,NULL,NULL
1165,1236,10/18/19,2683,NULL,3,NULL,0.0011,1.37,NULL,4.12,NULL,0.5156,0,7.99,1,NULL,NULL,NULL,NULL,NULL,NULL,NULL,NULL,NULL,NULL
1166,1233,10/18/19,1390,NULL,4,NULL,0.0029,1.28,NULL,5.11,NULL,0.7238,0,7.06,1,NULL,NULL,NULL,NULL,NULL,NULL,NULL,NULL,NULL,NULL
1167,1244,10/18/19,3634,NULL,8,NULL,0.0022,1.24,NULL,9.92,NULL,0,0,0,0,NULL,NULL,NULL,NULL,NULL,NULL,NULL,NULL,NULL,NULL
1168,1241,10/18/19,758,NULL,1,NULL,0.0013,1.55,NULL,1.55,NULL,0,0,0,0,NULL,NULL,NULL,NULL,NULL,NULL,NULL,NULL,NULL,NULL
1169,1249,10/18/19,416,NULL,1,NULL,0.0024,1.37,NULL,1.37,NULL,0,0,0,0,NULL,NULL,NULL,NULL,NULL,NULL,NULL,NULL,NULL,NULL
1170,1245,10/18/19,0,NULL,0,NULL,0,0,NULL,0,NULL,0,0,0,0,NULL,NULL,NULL,NULL,NULL,NULL,NULL,NULL,NULL,NULL
1171,1239,10/19/19,555,NULL,12,NULL,0.0216,0.99,NULL,11.86,NULL,0.197,0,60.2,5,NULL,NULL,NULL,NULL,NULL,NULL,NULL,NULL,NULL,NULL
1172,1229,10/19/19,54,NULL,0,NULL,0,0,NULL,0,NULL,0,0,0,0,NULL,NULL,NULL,NULL,NULL,NULL,NULL,NULL,NULL,NULL
1173,1244,10/19/19,4029,NULL,12,NULL,0.003,0.94,NULL,11.24,NULL,0.1643,0,68.4,5,NULL,NULL,NULL,NULL,NULL,NULL,NULL,NULL,NULL,NULL
1174,1238,10/19/19,14892,NULL,40,NULL,0.0027,1.62,NULL,64.82,NULL,0.5425,0,119.49,9,NULL,NULL,NULL,NULL,NULL,NULL,NULL,NULL,NULL,NULL
1175,1226,10/19/19,481,NULL,0,NULL,0,0,NULL,0,NULL,0,0,0,0,NULL,NULL,NULL,NULL,NULL,NULL,NULL,NULL,NULL,NULL
1176,1230,10/19/19,107,NULL,0,NULL,0,0,NULL,0,NULL,0,0,0,0,NULL,NULL,NULL,NULL,NULL,NULL,NULL,NULL,NULL,NULL
1177,1237,10/19/19,469,NULL,5,NULL,0.0107,1.22,NULL,6.12,NULL,0.1215,0,50.39,3,NULL,NULL,NULL,NULL,NULL,NULL,NULL,NULL,NULL,NULL
1178,1252,10/19/19,116,NULL,2,NULL,0.0172,0.38,NULL,0.75,NULL,0,0,0,0,NULL,NULL,NULL,NULL,NULL,NULL,NULL,NULL,NULL,NULL
1179,1241,10/19/19,942,NULL,1,NULL,0.0011,0.95,NULL,0.95,NULL,0,0,0,0,NULL,NULL,NULL,NULL,NULL,NULL,NULL,NULL,NULL,NULL
1180,1240,10/19/19,15841,NULL,42,NULL,0.0027,1.25,NULL,52.66,NULL,0.8808,0,59.79,5,NULL,NULL,NULL,NULL,NULL,NULL,NULL,NULL,NULL,NULL
1181,1249,10/19/19,336,NULL,3,NULL,0.0089,0.79,NULL,2.37,NULL,0.3357,0,7.06,1,NULL,NULL,NULL,NULL,NULL,NULL,NULL,NULL,NULL,NULL
1182,1251,10/19/19,105,NULL,0,NULL,0,0,NULL,0,NULL,0,0,0,0,NULL,NULL,NULL,NULL,NULL,NULL,NULL,NULL,NULL,NULL
1183,1245,10/19/19,0,NULL,0,NULL,0,0,NULL,0,NULL,0,0,0,0,NULL,NULL,NULL,NULL,NULL,NULL,NULL,NULL,NULL,NULL
1184,1243,10/19/19,75,NULL,1,NULL,0.0133,0.75,NULL,0.75,NULL,0.0791,0,9.48,1,NULL,NULL,NULL,NULL,NULL,NULL,NULL,NULL,NULL,NULL
1185,1250,10/19/19,1859,NULL,1,NULL,0.0005,2.96,NULL,2.96,NULL,0,0,0,0,NULL,NULL,NULL,NULL,NULL,NULL,NULL,NULL,NULL,NULL
1186,1233,10/19/19,1257,NULL,4,NULL,0.0032,1.19,NULL,4.77,NULL,0.1289,0,37,2,NULL,NULL,NULL,NULL,NULL,NULL,NULL,NULL,NULL,NULL
1187,1236,10/19/19,2990,NULL,5,NULL,0.0017,0.85,NULL,4.26,NULL,0.5332,0,7.99,1,NULL,NULL,NULL,NULL,NULL,NULL,NULL,NULL,NULL,NULL
1188,1223,10/19/19,641,NULL,2,NULL,0.0031,0.5,NULL,0.99,NULL,0.042,0,23.57,1,NULL,NULL,NULL,NULL,NULL,NULL,NULL,NULL,NULL,NULL
1189,1248,10/19/19,8125,NULL,21,NULL,0.0026,1.78,NULL,37.3,NULL,0.7402,0,50.39,2,NULL,NULL,NULL,NULL,NULL,NULL,NULL,NULL,NULL,NULL
1190,1231,10/19/19,11096,NULL,37,NULL,0.0033,1.23,NULL,45.36,NULL,0.5715,0,79.37,12,NULL,NULL,NULL,NULL,NULL,NULL,NULL,NULL,NULL,NULL
1191,1234,10/19/19,816,NULL,2,NULL,0.0025,0.83,NULL,1.66,NULL,0,0,0,0,NULL,NULL,NULL,NULL,NULL,NULL,NULL,NULL,NULL,NULL
1192,1235,10/19/19,271,NULL,6,NULL,0.0221,1.11,NULL,6.68,NULL,1.7625,0,3.79,1,NULL,NULL,NULL,NULL,NULL,NULL,NULL,NULL,NULL,NULL
1193,1231,10/20/19,13687,NULL,37,NULL,0.0027,1.28,NULL,47.18,NULL,0.6347,0,74.34,9,NULL,NULL,NULL,NULL,NULL,NULL,NULL,NULL,NULL,NULL
1194,1229,10/20/19,48,NULL,0,NULL,0,0,NULL,0,NULL,0,0,0,0,NULL,NULL,NULL,NULL,NULL,NULL,NULL,NULL,NULL,NULL
1195,1252,10/20/19,253,NULL,0,NULL,0,0,NULL,0,NULL,0,0,0,0,NULL,NULL,NULL,NULL,NULL,NULL,NULL,NULL,NULL,NULL
1196,1237,10/20/19,658,NULL,4,NULL,0.0061,0.93,NULL,3.73,NULL,0.0261,0,143.12,3,NULL,NULL,NULL,NULL,NULL,NULL,NULL,NULL,NULL,NULL
1197,1236,10/20/19,2796,NULL,4,NULL,0.0014,1.21,NULL,4.85,NULL,0.607,0,7.99,1,NULL,NULL,NULL,NULL,NULL,NULL,NULL,NULL,NULL,NULL
1198,1233,10/20/19,1402,NULL,5,NULL,0.0036,1.12,NULL,5.59,NULL,0.7918,0,7.06,1,NULL,NULL,NULL,NULL,NULL,NULL,NULL,NULL,NULL,NULL
1199,1239,10/20/19,802,NULL,8,NULL,0.01,0.53,NULL,4.23,NULL,0.2484,0,17.03,2,NULL,NULL,NULL,NULL,NULL,NULL,NULL,NULL,NULL,NULL
1200,1226,10/20/19,609,NULL,1,NULL,0.0016,1.37,NULL,1.37,NULL,0,0,0,0,NULL,NULL,NULL,NULL,NULL,NULL,NULL,NULL,NULL,NULL
1201,1243,10/20/19,110,NULL,1,NULL,0.0091,0.99,NULL,0.99,NULL,0,0,0,0,NULL,NULL,NULL,NULL,NULL,NULL,NULL,NULL,NULL,NULL
1202,1250,10/20/19,2549,NULL,2,NULL,0.0008,0.49,NULL,0.98,NULL,0,0,0,0,NULL,NULL,NULL,NULL,NULL,NULL,NULL,NULL,NULL,NULL
1203,1244,10/20/19,5627,NULL,14,NULL,0.0025,1.07,NULL,15.03,NULL,2.1289,0,7.06,1,NULL,NULL,NULL,NULL,NULL,NULL,NULL,NULL,NULL,NULL
1204,1238,10/20/19,10322,NULL,27,NULL,0.0026,1.78,NULL,48.16,NULL,0.4614,0,104.39,8,NULL,NULL,NULL,NULL,NULL,NULL,NULL,NULL,NULL,NULL
1205,1248,10/20/19,8711,NULL,28,NULL,0.0032,1.6,NULL,44.71,NULL,1.3615,0,32.84,1,NULL,NULL,NULL,NULL,NULL,NULL,NULL,NULL,NULL,NULL
1206,1249,10/20/19,629,NULL,2,NULL,0.0032,1.25,NULL,2.5,NULL,0.061,0,40.97,3,NULL,NULL,NULL,NULL,NULL,NULL,NULL,NULL,NULL,NULL
1207,1235,10/20/19,293,NULL,3,NULL,0.0102,1.88,NULL,5.65,NULL,0,0,0,0,NULL,NULL,NULL,NULL,NULL,NULL,NULL,NULL,NULL,NULL
1208,1223,10/20/19,1003,NULL,2,NULL,0.002,0.5,NULL,1,NULL,0,0,0,0,NULL,NULL,NULL,NULL,NULL,NULL,NULL,NULL,NULL,NULL
1209,1234,10/20/19,1878,NULL,1,NULL,0.0005,0.4,NULL,0.4,NULL,0,0,0,0,NULL,NULL,NULL,NULL,NULL,NULL,NULL,NULL,NULL,NULL
1210,1230,10/20/19,20,NULL,0,NULL,0,0,NULL,0,NULL,0,0,0,0,NULL,NULL,NULL,NULL,NULL,NULL,NULL,NULL,NULL,NULL
1211,1240,10/20/19,20632,NULL,64,NULL,0.0031,1.11,NULL,71.01,NULL,0.6321,0,112.34,15,NULL,NULL,NULL,NULL,NULL,NULL,NULL,NULL,NULL,NULL
1212,1241,10/20/19,1497,NULL,1,NULL,0.0007,1.24,NULL,1.24,NULL,0,0,0,0,NULL,NULL,NULL,NULL,NULL,NULL,NULL,NULL,NULL,NULL
1213,1251,10/20/19,92,NULL,0,NULL,0,0,NULL,0,NULL,0,0,0,0,NULL,NULL,NULL,NULL,NULL,NULL,NULL,NULL,NULL,NULL
1214,1246,10/21/19,0,NULL,0,NULL,0,0,NULL,0,NULL,0,0,0,0,NULL,NULL,NULL,NULL,NULL,NULL,NULL,NULL,NULL,NULL
1215,1243,10/21/19,116,NULL,1,NULL,0.0086,0.28,NULL,0.28,NULL,0.0071,0,39.6,1,NULL,NULL,NULL,NULL,NULL,NULL,NULL,NULL,NULL,NULL
1216,1231,10/21/19,16194,NULL,38,NULL,0.0024,1.4,NULL,53.29,NULL,0.9023,0,59.06,10,NULL,NULL,NULL,NULL,NULL,NULL,NULL,NULL,NULL,NULL
1217,1241,10/21/19,1771,NULL,2,NULL,0.0011,1.31,NULL,2.62,NULL,0,0,0,0,NULL,NULL,NULL,NULL,NULL,NULL,NULL,NULL,NULL,NULL
1218,1248,10/21/19,9342,NULL,13,NULL,0.0014,1.46,NULL,18.98,NULL,0,0,0,0,NULL,NULL,NULL,NULL,NULL,NULL,NULL,NULL,NULL,NULL
1219,1236,10/21/19,3742,NULL,6,NULL,0.0016,1.23,NULL,7.38,NULL,0.9237,0,7.99,1,NULL,NULL,NULL,NULL,NULL,NULL,NULL,NULL,NULL,NULL
1220,1223,10/21/19,920,NULL,2,NULL,0.0022,0.4,NULL,0.8,NULL,0,0,0,0,NULL,NULL,NULL,NULL,NULL,NULL,NULL,NULL,NULL,NULL
1221,1233,10/21/19,1596,NULL,4,NULL,0.0025,1.32,NULL,5.28,NULL,0,0,0,0,NULL,NULL,NULL,NULL,NULL,NULL,NULL,NULL,NULL,NULL
1222,1244,10/21/19,6770,NULL,14,NULL,0.0021,1.25,NULL,17.45,NULL,0.5706,0,30.58,4,NULL,NULL,NULL,NULL,NULL,NULL,NULL,NULL,NULL,NULL
1223,1229,10/21/19,76,NULL,0,NULL,0,0,NULL,0,NULL,0,0,0,0,NULL,NULL,NULL,NULL,NULL,NULL,NULL,NULL,NULL,NULL
1224,1240,10/21/19,22485,NULL,71,NULL,0.0032,1.18,NULL,83.97,NULL,0.44,0,190.83,10,NULL,NULL,NULL,NULL,NULL,NULL,NULL,NULL,NULL,NULL
1225,1252,10/21/19,256,NULL,4,NULL,0.0156,0.7,NULL,2.79,NULL,0.1746,0,15.98,2,NULL,NULL,NULL,NULL,NULL,NULL,NULL,NULL,NULL,NULL
1226,1226,10/21/19,938,NULL,0,NULL,0,0,NULL,0,NULL,0,0,0,0,NULL,NULL,NULL,NULL,NULL,NULL,NULL,NULL,NULL,NULL
1227,1239,10/21/19,648,NULL,10,NULL,0.0154,1.36,NULL,13.63,NULL,0.4521,0,30.15,5,NULL,NULL,NULL,NULL,NULL,NULL,NULL,NULL,NULL,NULL
1228,1238,10/21/19,3952,NULL,17,NULL,0.0043,2.03,NULL,34.43,NULL,1.2093,0,28.47,3,NULL,NULL,NULL,NULL,NULL,NULL,NULL,NULL,NULL,NULL
1229,1235,10/21/19,180,NULL,2,NULL,0.0111,1.19,NULL,2.38,NULL,0.2508,0,9.49,1,NULL,NULL,NULL,NULL,NULL,NULL,NULL,NULL,NULL,NULL
1230,1234,10/21/19,1659,NULL,1,NULL,0.0006,0.33,NULL,0.33,NULL,0,0,0,0,NULL,NULL,NULL,NULL,NULL,NULL,NULL,NULL,NULL,NULL
1231,1250,10/21/19,1776,NULL,3,NULL,0.0017,1.69,NULL,5.07,NULL,0,0,0,0,NULL,NULL,NULL,NULL,NULL,NULL,NULL,NULL,NULL,NULL
1232,1249,10/21/19,883,NULL,3,NULL,0.0034,0.89,NULL,2.67,NULL,0,0,0,0,NULL,NULL,NULL,NULL,NULL,NULL,NULL,NULL,NULL,NULL
1233,1237,10/21/19,527,NULL,3,NULL,0.0057,1.05,NULL,3.14,NULL,0.1536,0,20.45,1,NULL,NULL,NULL,NULL,NULL,NULL,NULL,NULL,NULL,NULL
1234,1230,10/21/19,12,NULL,0,NULL,0,0,NULL,0,NULL,0,0,0,0,NULL,NULL,NULL,NULL,NULL,NULL,NULL,NULL,NULL,NULL
1235,1251,10/21/19,152,NULL,0,NULL,0,0,NULL,0,NULL,0,0,0,0,NULL,NULL,NULL,NULL,NULL,NULL,NULL,NULL,NULL,NULL
1236,1238,10/22/19,0,NULL,0,NULL,0,0,NULL,0,NULL,0,0,0,0,NULL,NULL,NULL,NULL,NULL,NULL,NULL,NULL,NULL,NULL
1237,1226,10/22/19,765,NULL,3,NULL,0.0039,0.94,NULL,2.81,NULL,0,0,0,0,NULL,NULL,NULL,NULL,NULL,NULL,NULL,NULL,NULL,NULL
1238,1239,10/22/19,898,NULL,15,NULL,0.0167,1.12,NULL,16.74,NULL,0.1292,0,129.62,9,NULL,NULL,NULL,NULL,NULL,NULL,NULL,NULL,NULL,NULL
1239,1251,10/22/19,98,NULL,0,NULL,0,0,NULL,0,NULL,0,0,0,0,NULL,NULL,NULL,NULL,NULL,NULL,NULL,NULL,NULL,NULL
1240,1243,10/22/19,92,NULL,2,NULL,0.0217,0.72,NULL,1.44,NULL,0,0,0,0,NULL,NULL,NULL,NULL,NULL,NULL,NULL,NULL,NULL,NULL
1241,1236,10/22/19,2831,NULL,3,NULL,0.0011,1.02,NULL,3.06,NULL,0,0,0,0,NULL,NULL,NULL,NULL,NULL,NULL,NULL,NULL,NULL,NULL
1242,1233,10/22/19,1524,NULL,4,NULL,0.0026,1.44,NULL,5.74,NULL,0.3163,0,18.15,3,NULL,NULL,NULL,NULL,NULL,NULL,NULL,NULL,NULL,NULL
1243,1250,10/22/19,2183,NULL,3,NULL,0.0014,0.33,NULL,0.98,NULL,0,0,0,0,NULL,NULL,NULL,NULL,NULL,NULL,NULL,NULL,NULL,NULL
1244,1231,10/22/19,15477,NULL,31,NULL,0.002,1.3,NULL,40.31,NULL,0.5898,0,68.34,6,NULL,NULL,NULL,NULL,NULL,NULL,NULL,NULL,NULL,NULL
1245,1248,10/22/19,8974,NULL,21,NULL,0.0023,1.62,NULL,33.96,NULL,0.5536,0,61.35,3,NULL,NULL,NULL,NULL,NULL,NULL,NULL,NULL,NULL,NULL
1246,1249,10/22/19,928,NULL,3,NULL,0.0032,0.78,NULL,2.34,NULL,0.0829,0,28.24,1,NULL,NULL,NULL,NULL,NULL,NULL,NULL,NULL,NULL,NULL
1247,1237,10/22/19,542,NULL,8,NULL,0.0148,0.9,NULL,7.18,NULL,0.0626,0,114.64,5,NULL,NULL,NULL,NULL,NULL,NULL,NULL,NULL,NULL,NULL
1248,1241,10/22/19,1980,NULL,1,NULL,0.0005,1.68,NULL,1.68,NULL,0,0,0,0,NULL,NULL,NULL,NULL,NULL,NULL,NULL,NULL,NULL,NULL
1249,1244,10/22/19,6339,NULL,16,NULL,0.0025,1.02,NULL,16.29,NULL,0.4922,0,33.1,3,NULL,NULL,NULL,NULL,NULL,NULL,NULL,NULL,NULL,NULL
1250,1240,10/22/19,25230,NULL,45,NULL,0.0018,1.16,NULL,52.31,NULL,0.4619,0,113.26,8,NULL,NULL,NULL,NULL,NULL,NULL,NULL,NULL,NULL,NULL
1251,1252,10/22/19,204,NULL,1,NULL,0.0049,2.41,NULL,2.41,NULL,0.0563,0,42.83,3,NULL,NULL,NULL,NULL,NULL,NULL,NULL,NULL,NULL,NULL
1252,1229,10/22/19,47,NULL,1,NULL,0.0213,3.33,NULL,3.33,NULL,0,0,0,0,NULL,NULL,NULL,NULL,NULL,NULL,NULL,NULL,NULL,NULL
1253,1223,10/22/19,1046,NULL,0,NULL,0,0,NULL,0,NULL,0,0,0,0,NULL,NULL,NULL,NULL,NULL,NULL,NULL,NULL,NULL,NULL
1254,1234,10/22/19,1356,NULL,2,NULL,0.0015,0.18,NULL,0.36,NULL,0,0,0,0,NULL,NULL,NULL,NULL,NULL,NULL,NULL,NULL,NULL,NULL
1255,1244,10/23/19,3725,NULL,11,NULL,0.003,1.1,NULL,12.11,NULL,1.7153,0,7.06,1,NULL,NULL,NULL,NULL,NULL,NULL,NULL,NULL,NULL,NULL
1256,1223,10/23/19,646,NULL,0,NULL,0,0,NULL,0,NULL,0,0,0,0,NULL,NULL,NULL,NULL,NULL,NULL,NULL,NULL,NULL,NULL
1257,1245,10/23/19,0,NULL,0,NULL,0,0,NULL,0,NULL,0,0,0,0,NULL,NULL,NULL,NULL,NULL,NULL,NULL,NULL,NULL,NULL
1258,1226,10/23/19,492,NULL,0,NULL,0,0,NULL,0,NULL,0,0,0,0,NULL,NULL,NULL,NULL,NULL,NULL,NULL,NULL,NULL,NULL
1259,1238,10/23/19,4511,NULL,16,NULL,0.0036,1.87,NULL,29.89,NULL,0.2423,0,123.37,7,NULL,NULL,NULL,NULL,NULL,NULL,NULL,NULL,NULL,NULL
1260,1239,10/23/19,854,NULL,20,NULL,0.0234,1.24,NULL,24.84,NULL,0.2266,0,109.63,7,NULL,NULL,NULL,NULL,NULL,NULL,NULL,NULL,NULL,NULL
1261,1229,10/23/19,37,NULL,0,NULL,0,0,NULL,0,NULL,0,0,0,0,NULL,NULL,NULL,NULL,NULL,NULL,NULL,NULL,NULL,NULL
1262,1230,10/23/19,149,NULL,0,NULL,0,0,NULL,0,NULL,0,0,0,0,NULL,NULL,NULL,NULL,NULL,NULL,NULL,NULL,NULL,NULL
1263,1237,10/23/19,482,NULL,4,NULL,0.0083,0.75,NULL,3.01,NULL,0.0736,0,40.9,2,NULL,NULL,NULL,NULL,NULL,NULL,NULL,NULL,NULL,NULL
1264,1241,10/23/19,1591,NULL,2,NULL,0.0013,1.93,NULL,3.86,NULL,0,0,0,0,NULL,NULL,NULL,NULL,NULL,NULL,NULL,NULL,NULL,NULL
1265,1231,10/23/19,7838,NULL,16,NULL,0.002,1.38,NULL,22,NULL,0.9835,0,22.37,2,NULL,NULL,NULL,NULL,NULL,NULL,NULL,NULL,NULL,NULL
1266,1243,10/23/19,93,NULL,2,NULL,0.0215,0.38,NULL,0.75,NULL,0.0318,0,23.57,1,NULL,NULL,NULL,NULL,NULL,NULL,NULL,NULL,NULL,NULL
1267,1251,10/23/19,45,NULL,0,NULL,0,0,NULL,0,NULL,0,0,0,0,NULL,NULL,NULL,NULL,NULL,NULL,NULL,NULL,NULL,NULL
1268,1250,10/23/19,1113,NULL,1,NULL,0.0009,3.21,NULL,3.21,NULL,0,0,0,0,NULL,NULL,NULL,NULL,NULL,NULL,NULL,NULL,NULL,NULL
1269,1234,10/23/19,783,NULL,1,NULL,0.0013,1.55,NULL,1.55,NULL,0,0,0,0,NULL,NULL,NULL,NULL,NULL,NULL,NULL,NULL,NULL,NULL
1270,1235,10/23/19,222,NULL,7,NULL,0.0315,1.03,NULL,7.21,NULL,0.1085,0,66.43,2,NULL,NULL,NULL,NULL,NULL,NULL,NULL,NULL,NULL,NULL
1271,1240,10/23/19,17886,NULL,36,NULL,0.002,1.15,NULL,41.26,NULL,0.1966,0,209.83,11,NULL,NULL,NULL,NULL,NULL,NULL,NULL,NULL,NULL,NULL
1272,1252,10/23/19,103,NULL,0,NULL,0,0,NULL,0,NULL,0,0,0,0,NULL,NULL,NULL,NULL,NULL,NULL,NULL,NULL,NULL,NULL
1273,1236,10/23/19,1648,NULL,3,NULL,0.0018,1.29,NULL,3.87,NULL,0.2422,0,15.98,2,NULL,NULL,NULL,NULL,NULL,NULL,NULL,NULL,NULL,NULL
1274,1233,10/23/19,1402,NULL,1,NULL,0.0007,0.98,NULL,0.98,NULL,0,0,0,0,NULL,NULL,NULL,NULL,NULL,NULL,NULL,NULL,NULL,NULL
1275,1248,10/23/19,4689,NULL,18,NULL,0.0038,1.75,NULL,31.44,NULL,0.7687,0,40.9,2,NULL,NULL,NULL,NULL,NULL,NULL,NULL,NULL,NULL,NULL
1276,1249,10/23/19,501,NULL,3,NULL,0.006,0.95,NULL,2.86,NULL,0,0,0,0,NULL,NULL,NULL,NULL,NULL,NULL,NULL,NULL,NULL,NULL
1277,1234,10/24/19,375,NULL,0,NULL,0,0,NULL,0,NULL,0,0,0,0,NULL,NULL,NULL,NULL,NULL,NULL,NULL,NULL,NULL,NULL
1278,1241,10/24/19,2153,NULL,0,NULL,0,0,NULL,0,NULL,0,0,0,0,NULL,NULL,NULL,NULL,NULL,NULL,NULL,NULL,NULL,NULL
1279,1250,10/24/19,1004,NULL,0,NULL,0,0,NULL,0,NULL,0,0,0,0,NULL,NULL,NULL,NULL,NULL,NULL,NULL,NULL,NULL,NULL
1280,1238,10/24/19,7401,NULL,32,NULL,0.0043,2.37,NULL,75.69,NULL,0.9185,0,82.41,6,NULL,NULL,NULL,NULL,NULL,NULL,NULL,NULL,NULL,NULL
1281,1231,10/24/19,4048,NULL,1,NULL,0.0003,0.98,NULL,0.98,NULL,0,0,0,0,NULL,NULL,NULL,NULL,NULL,NULL,NULL,NULL,NULL,NULL
1282,1243,10/24/19,86,NULL,5,NULL,0.0581,0.88,NULL,4.39,NULL,0.0387,0,113.52,4,NULL,NULL,NULL,NULL,NULL,NULL,NULL,NULL,NULL,NULL
1283,1252,10/24/19,249,NULL,0,NULL,0,0,NULL,0,NULL,0,0,0,0,NULL,NULL,NULL,NULL,NULL,NULL,NULL,NULL,NULL,NULL
1284,1240,10/24/19,8977,NULL,13,NULL,0.0015,0.98,NULL,12.8,NULL,0.313,0,40.9,2,NULL,NULL,NULL,NULL,NULL,NULL,NULL,NULL,NULL,NULL
1285,1249,10/24/19,309,NULL,0,NULL,0,0,NULL,0,NULL,0,0,0,0,NULL,NULL,NULL,NULL,NULL,NULL,NULL,NULL,NULL,NULL
1286,1244,10/24/19,3146,NULL,9,NULL,0.0029,1.25,NULL,11.29,NULL,1.5992,0,7.06,1,NULL,NULL,NULL,NULL,NULL,NULL,NULL,NULL,NULL,NULL
1287,1226,10/24/19,352,NULL,0,NULL,0,0,NULL,0,NULL,0,0,0,0,NULL,NULL,NULL,NULL,NULL,NULL,NULL,NULL,NULL,NULL
1288,1223,10/24/19,381,NULL,0,NULL,0,0,NULL,0,NULL,0,0,0,0,NULL,NULL,NULL,NULL,NULL,NULL,NULL,NULL,NULL,NULL
1289,1237,10/24/19,503,NULL,4,NULL,0.008,0.99,NULL,3.94,NULL,0,0,0,0,NULL,NULL,NULL,NULL,NULL,NULL,NULL,NULL,NULL,NULL
1290,1236,10/24/19,1156,NULL,3,NULL,0.0026,1.19,NULL,3.56,NULL,0.3751,0,9.49,1,NULL,NULL,NULL,NULL,NULL,NULL,NULL,NULL,NULL,NULL
1291,1230,10/24/19,221,NULL,1,NULL,0.0045,0.7,NULL,0.7,NULL,0,0,0,0,NULL,NULL,NULL,NULL,NULL,NULL,NULL,NULL,NULL,NULL
1292,1248,10/24/19,4065,NULL,25,NULL,0.0062,1.55,NULL,38.65,NULL,0.3783,0,102.18,5,NULL,NULL,NULL,NULL,NULL,NULL,NULL,NULL,NULL,NULL
1293,1233,10/24/19,921,NULL,3,NULL,0.0033,1.09,NULL,3.27,NULL,0,0,0,0,NULL,NULL,NULL,NULL,NULL,NULL,NULL,NULL,NULL,NULL
1294,1229,10/24/19,27,NULL,0,NULL,0,0,NULL,0,NULL,0,0,0,0,NULL,NULL,NULL,NULL,NULL,NULL,NULL,NULL,NULL,NULL
1295,1251,10/24/19,38,NULL,1,NULL,0.0263,1.47,NULL,1.47,NULL,0.184,0,7.99,1,NULL,NULL,NULL,NULL,NULL,NULL,NULL,NULL,NULL,NULL
1296,1239,10/24/19,639,NULL,13,NULL,0.0203,1.34,NULL,17.43,NULL,0.3028,0,57.56,4,NULL,NULL,NULL,NULL,NULL,NULL,NULL,NULL,NULL,NULL
1297,1235,10/24/19,355,NULL,5,NULL,0.0141,0.91,NULL,4.56,NULL,0.1087,0,41.95,5,NULL,NULL,NULL,NULL,NULL,NULL,NULL,NULL,NULL,NULL
1298,1241,10/25/19,2084,NULL,3,NULL,0.0014,2.05,NULL,6.15,NULL,0.7697,0,7.99,1,NULL,NULL,NULL,NULL,NULL,NULL,NULL,NULL,NULL,NULL
1299,1237,10/25/19,432,NULL,4,NULL,0.0093,1.48,NULL,5.93,NULL,0.0901,0,65.81,3,NULL,NULL,NULL,NULL,NULL,NULL,NULL,NULL,NULL,NULL
1300,1230,10/25/19,379,NULL,0,NULL,0,0,NULL,0,NULL,0,0,0,0,NULL,NULL,NULL,NULL,NULL,NULL,NULL,NULL,NULL,NULL
1301,1251,10/25/19,37,NULL,0,NULL,0,0,NULL,0,NULL,0,0,0,0,NULL,NULL,NULL,NULL,NULL,NULL,NULL,NULL,NULL,NULL
1302,1250,10/25/19,836,NULL,1,NULL,0.0012,2.02,NULL,2.02,NULL,0,0,0,0,NULL,NULL,NULL,NULL,NULL,NULL,NULL,NULL,NULL,NULL
1303,1239,10/25/19,550,NULL,3,NULL,0.0055,1.25,NULL,3.76,NULL,0.0668,0,56.25,4,NULL,NULL,NULL,NULL,NULL,NULL,NULL,NULL,NULL,NULL
1304,1248,10/25/19,3536,NULL,12,NULL,0.0034,1.8,NULL,21.62,NULL,1.0572,0,20.45,1,NULL,NULL,NULL,NULL,NULL,NULL,NULL,NULL,NULL,NULL
1305,1226,10/25/19,236,NULL,1,NULL,0.0042,0.46,NULL,0.46,NULL,0,0,0,0,NULL,NULL,NULL,NULL,NULL,NULL,NULL,NULL,NULL,NULL
1306,1238,10/25/19,7985,NULL,22,NULL,0.0028,1.99,NULL,43.69,NULL,0.6577,0,66.43,5,NULL,NULL,NULL,NULL,NULL,NULL,NULL,NULL,NULL,NULL
1307,1235,10/25/19,325,NULL,0,NULL,0,0,NULL,0,NULL,0,0,0,0,NULL,NULL,NULL,NULL,NULL,NULL,NULL,NULL,NULL,NULL
1308,1234,10/25/19,405,NULL,0,NULL,0,0,NULL,0,NULL,0,0,0,0,NULL,NULL,NULL,NULL,NULL,NULL,NULL,NULL,NULL,NULL
1309,1229,10/25/19,113,NULL,0,NULL,0,0,NULL,0,NULL,0,0,0,0,NULL,NULL,NULL,NULL,NULL,NULL,NULL,NULL,NULL,NULL
1310,1252,10/25/19,109,NULL,1,NULL,0.0092,0.8,NULL,0.8,NULL,0,0,0,0,NULL,NULL,NULL,NULL,NULL,NULL,NULL,NULL,NULL,NULL
1311,1240,10/25/19,9366,NULL,16,NULL,0.0017,1.22,NULL,19.49,NULL,0.2112,0,92.27,4,NULL,NULL,NULL,NULL,NULL,NULL,NULL,NULL,NULL,NULL
1312,1223,10/25/19,232,NULL,0,NULL,0,0,NULL,0,NULL,0,0,0,0,NULL,NULL,NULL,NULL,NULL,NULL,NULL,NULL,NULL,NULL
1313,1236,10/25/19,2039,NULL,4,NULL,0.002,1.64,NULL,6.54,NULL,0,0,0,0,NULL,NULL,NULL,NULL,NULL,NULL,NULL,NULL,NULL,NULL
1314,1233,10/25/19,841,NULL,1,NULL,0.0012,0.99,NULL,0.99,NULL,0,0,0,0,NULL,NULL,NULL,NULL,NULL,NULL,NULL,NULL,NULL,NULL
1315,1249,10/25/19,329,NULL,1,NULL,0.003,0.42,NULL,0.42,NULL,0,0,0,0,NULL,NULL,NULL,NULL,NULL,NULL,NULL,NULL,NULL,NULL
1316,1244,10/25/19,2976,NULL,6,NULL,0.002,1.33,NULL,7.98,NULL,1.1239,0,7.1,1,NULL,NULL,NULL,NULL,NULL,NULL,NULL,NULL,NULL,NULL
1317,1231,10/25/19,3611,NULL,4,NULL,0.0011,1.13,NULL,4.51,NULL,0,0,0,0,NULL,NULL,NULL,NULL,NULL,NULL,NULL,NULL,NULL,NULL
1318,1243,10/25/19,105,NULL,1,NULL,0.0095,0.53,NULL,0.53,NULL,0,0,0,0,NULL,NULL,NULL,NULL,NULL,NULL,NULL,NULL,NULL,NULL
1319,1235,10/26/19,121,NULL,1,NULL,0.0083,2.15,NULL,2.15,NULL,0,0,0,0,NULL,NULL,NULL,NULL,NULL,NULL,NULL,NULL,NULL,NULL
1320,1248,10/26/19,3877,NULL,6,NULL,0.0016,2.02,NULL,12.09,NULL,0,0,0,0,NULL,NULL,NULL,NULL,NULL,NULL,NULL,NULL,NULL,NULL
1321,1245,10/26/19,2072,NULL,8,NULL,0.0039,0.99,NULL,7.89,NULL,0,0,0,0,NULL,NULL,NULL,NULL,NULL,NULL,NULL,NULL,NULL,NULL
1322,1246,10/26/19,21,NULL,0,NULL,0,0,NULL,0,NULL,0,0,0,0,NULL,NULL,NULL,NULL,NULL,NULL,NULL,NULL,NULL,NULL
1323,1237,10/26/19,394,NULL,3,NULL,0.0076,1.27,NULL,3.82,NULL,0.196,0,19.49,1,NULL,NULL,NULL,NULL,NULL,NULL,NULL,NULL,NULL,NULL
1324,1223,10/26/19,268,NULL,0,NULL,0,0,NULL,0,NULL,0,0,0,0,NULL,NULL,NULL,NULL,NULL,NULL,NULL,NULL,NULL,NULL
1325,1236,10/26/19,3213,NULL,1,NULL,0.0003,1.41,NULL,1.41,NULL,0,0,0,0,NULL,NULL,NULL,NULL,NULL,NULL,NULL,NULL,NULL,NULL
1326,1233,10/26/19,1232,NULL,3,NULL,0.0024,1.16,NULL,3.48,NULL,0,0,0,0,NULL,NULL,NULL,NULL,NULL,NULL,NULL,NULL,NULL,NULL
1327,1230,10/26/19,80,NULL,0,NULL,0,0,NULL,0,NULL,0,0,0,0,NULL,NULL,NULL,NULL,NULL,NULL,NULL,NULL,NULL,NULL
1328,1249,10/26/19,414,NULL,2,NULL,0.0048,0.85,NULL,1.69,NULL,0.238,0,7.1,1,NULL,NULL,NULL,NULL,NULL,NULL,NULL,NULL,NULL,NULL
1329,1232,10/26/19,36,NULL,0,NULL,0,0,NULL,0,NULL,0,0,0,0,NULL,NULL,NULL,NULL,NULL,NULL,NULL,NULL,NULL,NULL
1330,1231,10/26/19,7302,NULL,15,NULL,0.0021,1.42,NULL,21.37,NULL,0.5575,0,38.33,2,NULL,NULL,NULL,NULL,NULL,NULL,NULL,NULL,NULL,NULL
1331,1241,10/26/19,3439,NULL,4,NULL,0.0012,1.96,NULL,7.83,NULL,0,0,0,0,NULL,NULL,NULL,NULL,NULL,NULL,NULL,NULL,NULL,NULL
1332,1243,10/26/19,65,NULL,3,NULL,0.0462,0.67,NULL,2.02,NULL,0.1143,0,17.67,1,NULL,NULL,NULL,NULL,NULL,NULL,NULL,NULL,NULL,NULL
1333,1252,10/26/19,98,NULL,0,NULL,0,0,NULL,0,NULL,0,0,0,0,NULL,NULL,NULL,NULL,NULL,NULL,NULL,NULL,NULL,NULL
1334,1239,10/26/19,568,NULL,11,NULL,0.0194,1.12,NULL,12.31,NULL,0.1222,0,100.73,7,NULL,NULL,NULL,NULL,NULL,NULL,NULL,NULL,NULL,NULL
1335,1238,10/26/19,3693,NULL,13,NULL,0.0035,2.49,NULL,32.31,NULL,0.4256,0,75.92,6,NULL,NULL,NULL,NULL,NULL,NULL,NULL,NULL,NULL,NULL
1336,1240,10/26/19,12722,NULL,33,NULL,0.0026,1.14,NULL,37.62,NULL,0.8887,0,42.33,3,NULL,NULL,NULL,NULL,NULL,NULL,NULL,NULL,NULL,NULL
1337,1226,10/26/19,247,NULL,0,NULL,0,0,NULL,0,NULL,0,0,0,0,NULL,NULL,NULL,NULL,NULL,NULL,NULL,NULL,NULL,NULL
1338,1244,10/26/19,3706,NULL,9,NULL,0.0024,1.09,NULL,9.83,NULL,1.3845,0,7.1,1,NULL,NULL,NULL,NULL,NULL,NULL,NULL,NULL,NULL,NULL
1339,1242,10/26/19,473,NULL,2,NULL,0.0042,8.08,NULL,16.15,NULL,0,0,0,0,NULL,NULL,NULL,NULL,NULL,NULL,NULL,NULL,NULL,NULL
1340,1250,10/26/19,1136,NULL,0,NULL,0,0,NULL,0,NULL,0,0,0,0,NULL,NULL,NULL,NULL,NULL,NULL,NULL,NULL,NULL,NULL
1341,1251,10/26/19,84,NULL,0,NULL,0,0,NULL,0,NULL,0,0,0,0,NULL,NULL,NULL,NULL,NULL,NULL,NULL,NULL,NULL,NULL
1342,1229,10/26/19,312,NULL,2,NULL,0.0064,2,NULL,3.99,NULL,0,0,0,0,NULL,NULL,NULL,NULL,NULL,NULL,NULL,NULL,NULL,NULL
1343,1234,10/26/19,1059,NULL,0,NULL,0,0,NULL,0,NULL,0,0,0,0,NULL,NULL,NULL,NULL,NULL,NULL,NULL,NULL,NULL,NULL
1344,1223,10/27/19,286,NULL,0,NULL,0,0,NULL,0,NULL,0,0,0,0,NULL,NULL,NULL,NULL,NULL,NULL,NULL,NULL,NULL,NULL
1345,1241,10/27/19,4817,NULL,4,NULL,0.0008,1.42,NULL,5.69,NULL,0,0,0,0,NULL,NULL,NULL,NULL,NULL,NULL,NULL,NULL,NULL,NULL
1346,1238,10/27/19,12364,NULL,46,NULL,0.0037,2.22,NULL,102.3,NULL,0.8009,0,127.73,13,NULL,NULL,NULL,NULL,NULL,NULL,NULL,NULL,NULL,NULL
1347,1250,10/27/19,2253,NULL,0,NULL,0,0,NULL,0,NULL,0,0,0,0,NULL,NULL,NULL,NULL,NULL,NULL,NULL,NULL,NULL,NULL
1348,1239,10/27/19,505,NULL,9,NULL,0.0178,1.18,NULL,10.64,NULL,0.1622,0,65.62,4,NULL,NULL,NULL,NULL,NULL,NULL,NULL,NULL,NULL,NULL
1349,1249,10/27/19,346,NULL,1,NULL,0.0029,1.25,NULL,1.25,NULL,0.1761,0,7.1,1,NULL,NULL,NULL,NULL,NULL,NULL,NULL,NULL,NULL,NULL
1350,1244,10/27/19,4681,NULL,8,NULL,0.0017,1.21,NULL,9.66,NULL,1.3606,0,7.1,1,NULL,NULL,NULL,NULL,NULL,NULL,NULL,NULL,NULL,NULL
1351,1245,10/27/19,207,NULL,0,NULL,0,0,NULL,0,NULL,0,0,0,0,NULL,NULL,NULL,NULL,NULL,NULL,NULL,NULL,NULL,NULL
1352,1242,10/27/19,64,NULL,0,NULL,0,0,NULL,0,NULL,0,0,0,0,NULL,NULL,NULL,NULL,NULL,NULL,NULL,NULL,NULL,NULL
1353,1251,10/27/19,405,NULL,1,NULL,0.0025,1.35,NULL,1.35,NULL,0,0,0,0,NULL,NULL,NULL,NULL,NULL,NULL,NULL,NULL,NULL,NULL
1354,1226,10/27/19,715,NULL,0,NULL,0,0,NULL,0,NULL,0,0,0,0,NULL,NULL,NULL,NULL,NULL,NULL,NULL,NULL,NULL,NULL
1355,1230,10/27/19,1432,NULL,0,NULL,0,0,NULL,0,NULL,0,0,0,0,NULL,NULL,NULL,NULL,NULL,NULL,NULL,NULL,NULL,NULL
1356,1252,10/27/19,118,NULL,0,NULL,0,0,NULL,0,NULL,0,0,0,0,NULL,NULL,NULL,NULL,NULL,NULL,NULL,NULL,NULL,NULL
1357,1233,10/27/19,1479,NULL,5,NULL,0.0034,1.06,NULL,5.3,NULL,0.7465,0,7.1,1,NULL,NULL,NULL,NULL,NULL,NULL,NULL,NULL,NULL,NULL
1358,1236,10/27/19,4017,NULL,5,NULL,0.0012,1.49,NULL,7.47,NULL,0.9349,0,7.99,1,NULL,NULL,NULL,NULL,NULL,NULL,NULL,NULL,NULL,NULL
1359,1248,10/27/19,5345,NULL,6,NULL,0.0011,1.6,NULL,9.57,NULL,0.491,0,19.49,1,NULL,NULL,NULL,NULL,NULL,NULL,NULL,NULL,NULL,NULL
1360,1234,10/27/19,2212,NULL,2,NULL,0.0009,0.92,NULL,1.83,NULL,0,0,0,0,NULL,NULL,NULL,NULL,NULL,NULL,NULL,NULL,NULL,NULL
1361,1237,10/27/19,399,NULL,9,NULL,0.0226,1.17,NULL,10.55,NULL,0.2234,0,47.23,2,NULL,NULL,NULL,NULL,NULL,NULL,NULL,NULL,NULL,NULL
1362,1243,10/27/19,83,NULL,0,NULL,0,0,NULL,0,NULL,0,0,0,0,NULL,NULL,NULL,NULL,NULL,NULL,NULL,NULL,NULL,NULL
1363,1232,10/27/19,2,NULL,0,NULL,0,0,NULL,0,NULL,0,0,0,0,NULL,NULL,NULL,NULL,NULL,NULL,NULL,NULL,NULL,NULL
1364,1235,10/27/19,236,NULL,2,NULL,0.0085,0.44,NULL,0.87,NULL,0.0917,0,9.49,1,NULL,NULL,NULL,NULL,NULL,NULL,NULL,NULL,NULL,NULL
1365,1231,10/27/19,8966,NULL,16,NULL,0.0018,1.51,NULL,24.17,NULL,2.405,0,10.05,3,NULL,NULL,NULL,NULL,NULL,NULL,NULL,NULL,NULL,NULL
1366,1240,10/27/19,14677,NULL,32,NULL,0.0022,1.09,NULL,34.86,NULL,0.5425,0,64.26,5,NULL,NULL,NULL,NULL,NULL,NULL,NULL,NULL,NULL,NULL
1367,1229,10/27/19,608,NULL,1,NULL,0.0016,2,NULL,2,NULL,0,0,0,0,NULL,NULL,NULL,NULL,NULL,NULL,NULL,NULL,NULL,NULL
1368,1246,10/27/19,3,NULL,0,NULL,0,0,NULL,0,NULL,0,0,0,0,NULL,NULL,NULL,NULL,NULL,NULL,NULL,NULL,NULL,NULL
1369,1235,10/28/19,1227,NULL,10,NULL,0.0082,1.28,NULL,12.82,NULL,0.2702,0,47.45,5,NULL,NULL,NULL,NULL,NULL,NULL,NULL,NULL,NULL,NULL
1370,1233,10/28/19,1254,NULL,4,NULL,0.0032,1.47,NULL,5.86,NULL,0.261,0,22.45,2,NULL,NULL,NULL,NULL,NULL,NULL,NULL,NULL,NULL,NULL
1371,1236,10/28/19,3059,NULL,2,NULL,0.0007,1.41,NULL,2.82,NULL,0,0,0,0,NULL,NULL,NULL,NULL,NULL,NULL,NULL,NULL,NULL,NULL
1372,1237,10/28/19,420,NULL,6,NULL,0.0143,1.08,NULL,6.46,NULL,0.09,0,71.82,3,NULL,NULL,NULL,NULL,NULL,NULL,NULL,NULL,NULL,NULL
1373,1243,10/28/19,122,NULL,2,NULL,0.0164,0.69,NULL,1.37,NULL,0.0727,0,18.84,1,NULL,NULL,NULL,NULL,NULL,NULL,NULL,NULL,NULL,NULL
1374,1251,10/28/19,288,NULL,1,NULL,0.0035,0.49,NULL,0.49,NULL,0,0,0,0,NULL,NULL,NULL,NULL,NULL,NULL,NULL,NULL,NULL,NULL
1375,1244,10/28/19,4244,NULL,14,NULL,0.0033,1.14,NULL,15.97,NULL,0.7498,0,21.3,2,NULL,NULL,NULL,NULL,NULL,NULL,NULL,NULL,NULL,NULL
1376,1223,10/28/19,338,NULL,1,NULL,0.003,0.49,NULL,0.49,NULL,0,0,0,0,NULL,NULL,NULL,NULL,NULL,NULL,NULL,NULL,NULL,NULL
1377,1229,10/28/19,134,NULL,0,NULL,0,0,NULL,0,NULL,0,0,0,0,NULL,NULL,NULL,NULL,NULL,NULL,NULL,NULL,NULL,NULL
1378,1231,10/28/19,9070,NULL,21,NULL,0.0023,1.54,NULL,32.38,NULL,2.2502,0,14.39,1,NULL,NULL,NULL,NULL,NULL,NULL,NULL,NULL,NULL,NULL
1379,1240,10/28/19,16914,NULL,25,NULL,0.0015,1.1,NULL,27.59,NULL,0.3397,0,81.22,4,NULL,NULL,NULL,NULL,NULL,NULL,NULL,NULL,NULL,NULL
1380,1250,10/28/19,1139,NULL,1,NULL,0.0009,1.46,NULL,1.46,NULL,0,0,0,0,NULL,NULL,NULL,NULL,NULL,NULL,NULL,NULL,NULL,NULL
1381,1234,10/28/19,1571,NULL,0,NULL,0,0,NULL,0,NULL,0,0,0,0,NULL,NULL,NULL,NULL,NULL,NULL,NULL,NULL,NULL,NULL
1382,1249,10/28/19,415,NULL,0,NULL,0,0,NULL,0,NULL,0,0,0,0,NULL,NULL,NULL,NULL,NULL,NULL,NULL,NULL,NULL,NULL
1383,1248,10/28/19,5139,NULL,18,NULL,0.0035,1.62,NULL,29.07,NULL,0.5555,0,52.33,2,NULL,NULL,NULL,NULL,NULL,NULL,NULL,NULL,NULL,NULL
1384,1252,10/28/19,152,NULL,0,NULL,0,0,NULL,0,NULL,0,0,0,0,NULL,NULL,NULL,NULL,NULL,NULL,NULL,NULL,NULL,NULL
1385,1226,10/28/19,423,NULL,0,NULL,0,0,NULL,0,NULL,0,0,0,0,NULL,NULL,NULL,NULL,NULL,NULL,NULL,NULL,NULL,NULL
1386,1238,10/28/19,35598,NULL,80,NULL,0.0023,1.82,NULL,145.99,NULL,0.565,0,258.37,20,NULL,NULL,NULL,NULL,NULL,NULL,NULL,NULL,NULL,NULL
1387,1241,10/28/19,2219,NULL,1,NULL,0.0005,1.31,NULL,1.31,NULL,0,0,0,0,NULL,NULL,NULL,NULL,NULL,NULL,NULL,NULL,NULL,NULL
1388,1239,10/28/19,485,NULL,6,NULL,0.0124,1.26,NULL,7.57,NULL,0.0776,0,97.55,5,NULL,NULL,NULL,NULL,NULL,NULL,NULL,NULL,NULL,NULL
1389,1230,10/28/19,1661,NULL,2,NULL,0.0012,0.46,NULL,0.92,NULL,0,0,0,0,NULL,NULL,NULL,NULL,NULL,NULL,NULL,NULL,NULL,NULL
1390,1246,10/29/19,64,NULL,0,NULL,0,0,NULL,0,NULL,0,0,0,0,NULL,NULL,NULL,NULL,NULL,NULL,NULL,NULL,NULL,NULL
1391,1234,10/29/19,1317,NULL,1,NULL,0.0008,0.72,NULL,0.72,NULL,0,0,0,0,NULL,NULL,NULL,NULL,NULL,NULL,NULL,NULL,NULL,NULL
1392,1230,10/29/19,1034,NULL,0,NULL,0,0,NULL,0,NULL,0,0,0,0,NULL,NULL,NULL,NULL,NULL,NULL,NULL,NULL,NULL,NULL
1393,1231,10/29/19,9963,NULL,17,NULL,0.0017,1.41,NULL,24.04,NULL,1.0252,0,23.45,3,NULL,NULL,NULL,NULL,NULL,NULL,NULL,NULL,NULL,NULL
1394,1251,10/29/19,416,NULL,0,NULL,0,0,NULL,0,NULL,0,0,0,0,NULL,NULL,NULL,NULL,NULL,NULL,NULL,NULL,NULL,NULL
1395,1252,10/29/19,303,NULL,0,NULL,0,0,NULL,0,NULL,0,0,0,0,NULL,NULL,NULL,NULL,NULL,NULL,NULL,NULL,NULL,NULL
1396,1248,10/29/19,5439,NULL,13,NULL,0.0024,1.38,NULL,18,NULL,0,0,0,0,NULL,NULL,NULL,NULL,NULL,NULL,NULL,NULL,NULL,NULL
1397,1243,10/29/19,137,NULL,3,NULL,0.0219,0.58,NULL,1.73,NULL,0.0273,0,63.49,2,NULL,NULL,NULL,NULL,NULL,NULL,NULL,NULL,NULL,NULL
1398,1236,10/29/19,3355,NULL,5,NULL,0.0015,1.24,NULL,6.21,NULL,0.3886,0,15.98,2,NULL,NULL,NULL,NULL,NULL,NULL,NULL,NULL,NULL,NULL
1399,1232,10/29/19,26,NULL,0,NULL,0,0,NULL,0,NULL,0,0,0,0,NULL,NULL,NULL,NULL,NULL,NULL,NULL,NULL,NULL,NULL
1400,1239,10/29/19,578,NULL,3,NULL,0.0052,1.27,NULL,3.82,NULL,0,0,0,0,NULL,NULL,NULL,NULL,NULL,NULL,NULL,NULL,NULL,NULL
1401,1226,10/29/19,313,NULL,1,NULL,0.0032,1.33,NULL,1.33,NULL,0,0,0,0,NULL,NULL,NULL,NULL,NULL,NULL,NULL,NULL,NULL,NULL
1402,1238,10/29/19,8740,NULL,15,NULL,0.0017,2.11,NULL,31.7,NULL,1.1935,0,26.56,4,NULL,NULL,NULL,NULL,NULL,NULL,NULL,NULL,NULL,NULL
1403,1235,10/29/19,140,NULL,3,NULL,0.0214,1.46,NULL,4.39,NULL,0.0792,0,55.41,2,NULL,NULL,NULL,NULL,NULL,NULL,NULL,NULL,NULL,NULL
1404,1237,10/29/19,493,NULL,9,NULL,0.0183,1.14,NULL,10.25,NULL,0.061,0,168.08,7,NULL,NULL,NULL,NULL,NULL,NULL,NULL,NULL,NULL,NULL
1405,1233,10/29/19,1247,NULL,5,NULL,0.004,1.27,NULL,6.33,NULL,0.8916,0,7.1,1,NULL,NULL,NULL,NULL,NULL,NULL,NULL,NULL,NULL,NULL
1406,1223,10/29/19,298,NULL,0,NULL,0,0,NULL,0,NULL,0,0,0,0,NULL,NULL,NULL,NULL,NULL,NULL,NULL,NULL,NULL,NULL
1407,1250,10/29/19,1321,NULL,2,NULL,0.0015,2.18,NULL,4.36,NULL,0,0,0,0,NULL,NULL,NULL,NULL,NULL,NULL,NULL,NULL,NULL,NULL
1408,1240,10/29/19,17395,NULL,32,NULL,0.0018,1.05,NULL,33.47,NULL,0.4773,0,70.12,6,NULL,NULL,NULL,NULL,NULL,NULL,NULL,NULL,NULL,NULL
1409,1229,10/29/19,113,NULL,0,NULL,0,0,NULL,0,NULL,0,0,0,0,NULL,NULL,NULL,NULL,NULL,NULL,NULL,NULL,NULL,NULL
1410,1242,10/29/19,1014,NULL,3,NULL,0.003,2.13,NULL,6.38,NULL,0,0,0,0,NULL,NULL,NULL,NULL,NULL,NULL,NULL,NULL,NULL,NULL
1411,1249,10/29/19,371,NULL,4,NULL,0.0108,1.37,NULL,5.49,NULL,0.2853,0,19.24,1,NULL,NULL,NULL,NULL,NULL,NULL,NULL,NULL,NULL,NULL
1412,1244,10/29/19,4386,NULL,14,NULL,0.0032,0.98,NULL,13.78,NULL,1.9409,0,7.1,1,NULL,NULL,NULL,NULL,NULL,NULL,NULL,NULL,NULL,NULL
1413,1241,10/29/19,2518,NULL,2,NULL,0.0008,0.94,NULL,1.87,NULL,0,0,0,0,NULL,NULL,NULL,NULL,NULL,NULL,NULL,NULL,NULL,NULL
1414,1245,10/29/19,5324,NULL,9,NULL,0.0017,1.25,NULL,11.29,NULL,0.5515,0,20.47,1,NULL,NULL,NULL,NULL,NULL,NULL,NULL,NULL,NULL,NULL
1415,1232,10/30/19,44,NULL,0,NULL,0,0,NULL,0,NULL,0,0,0,0,NULL,NULL,NULL,NULL,NULL,NULL,NULL,NULL,NULL,NULL
1416,1243,10/30/19,98,NULL,5,NULL,0.051,0.54,NULL,2.71,NULL,0.0274,0,98.93,4,NULL,NULL,NULL,NULL,NULL,NULL,NULL,NULL,NULL,NULL
1417,1246,10/30/19,73,NULL,1,NULL,0.0137,0.8,NULL,0.8,NULL,0.0183,0,43.75,3,NULL,NULL,NULL,NULL,NULL,NULL,NULL,NULL,NULL,NULL
1418,1237,10/30/19,690,NULL,2,NULL,0.0029,1.77,NULL,3.53,NULL,0.1811,0,19.49,1,NULL,NULL,NULL,NULL,NULL,NULL,NULL,NULL,NULL,NULL
1419,1231,10/30/19,9226,NULL,14,NULL,0.0015,1.44,NULL,20.1,NULL,0.6586,0,30.52,3,NULL,NULL,NULL,NULL,NULL,NULL,NULL,NULL,NULL,NULL
1420,1244,10/30/19,4341,NULL,8,NULL,0.0018,1.24,NULL,9.94,NULL,1.4,0,7.1,1,NULL,NULL,NULL,NULL,NULL,NULL,NULL,NULL,NULL,NULL
1421,1250,10/30/19,1006,NULL,0,NULL,0,0,NULL,0,NULL,0,0,0,0,NULL,NULL,NULL,NULL,NULL,NULL,NULL,NULL,NULL,NULL
1422,1242,10/30/19,1232,NULL,2,NULL,0.0016,6.64,NULL,13.27,NULL,0,0,0,0,NULL,NULL,NULL,NULL,NULL,NULL,NULL,NULL,NULL,NULL
1423,1245,10/30/19,6553,NULL,8,NULL,0.0012,1.36,NULL,10.88,NULL,0.2658,0,40.94,2,NULL,NULL,NULL,NULL,NULL,NULL,NULL,NULL,NULL,NULL
1424,1226,10/30/19,242,NULL,3,NULL,0.0124,1.12,NULL,3.37,NULL,0,0,0,0,NULL,NULL,NULL,NULL,NULL,NULL,NULL,NULL,NULL,NULL
1425,1238,10/30/19,11574,NULL,38,NULL,0.0033,1.78,NULL,67.45,NULL,0.5093,0,132.44,12,NULL,NULL,NULL,NULL,NULL,NULL,NULL,NULL,NULL,NULL
1426,1241,10/30/19,1785,NULL,0,NULL,0,0,NULL,0,NULL,0,0,0,0,NULL,NULL,NULL,NULL,NULL,NULL,NULL,NULL,NULL,NULL
1427,1235,10/30/19,227,NULL,5,NULL,0.022,1.26,NULL,6.28,NULL,0.6618,0,9.49,1,NULL,NULL,NULL,NULL,NULL,NULL,NULL,NULL,NULL,NULL
1428,1233,10/30/19,547,NULL,5,NULL,0.0091,1.21,NULL,6.05,NULL,0.1704,0,35.5,2,NULL,NULL,NULL,NULL,NULL,NULL,NULL,NULL,NULL,NULL
1429,1236,10/30/19,2238,NULL,0,NULL,0,0,NULL,0,NULL,0,0,0,0,NULL,NULL,NULL,NULL,NULL,NULL,NULL,NULL,NULL,NULL
1430,1230,10/30/19,2835,NULL,4,NULL,0.0014,0.46,NULL,1.84,NULL,0,0,0,0,NULL,NULL,NULL,NULL,NULL,NULL,NULL,NULL,NULL,NULL
1431,1239,10/30/19,771,NULL,12,NULL,0.0156,0.96,NULL,11.48,NULL,0.2039,0,56.31,6,NULL,NULL,NULL,NULL,NULL,NULL,NULL,NULL,NULL,NULL
1432,1248,10/30/19,4615,NULL,14,NULL,0.003,1.53,NULL,21.41,NULL,0.6319,0,33.88,2,NULL,NULL,NULL,NULL,NULL,NULL,NULL,NULL,NULL,NULL
1433,1252,10/30/19,152,NULL,2,NULL,0.0132,0.61,NULL,1.21,NULL,0,0,0,0,NULL,NULL,NULL,NULL,NULL,NULL,NULL,NULL,NULL,NULL
1434,1249,10/30/19,333,NULL,1,NULL,0.003,1.32,NULL,1.32,NULL,0.1859,0,7.1,1,NULL,NULL,NULL,NULL,NULL,NULL,NULL,NULL,NULL,NULL
1435,1223,10/30/19,243,NULL,1,NULL,0.0041,0.15,NULL,0.15,NULL,0,0,0,0,NULL,NULL,NULL,NULL,NULL,NULL,NULL,NULL,NULL,NULL
1436,1240,10/30/19,20499,NULL,28,NULL,0.0014,1.11,NULL,30.96,NULL,6.5317,0,4.74,1,NULL,NULL,NULL,NULL,NULL,NULL,NULL,NULL,NULL,NULL
1437,1229,10/30/19,118,NULL,0,NULL,0,0,NULL,0,NULL,0,0,0,0,NULL,NULL,NULL,NULL,NULL,NULL,NULL,NULL,NULL,NULL
1438,1234,10/30/19,931,NULL,1,NULL,0.0011,1.22,NULL,1.22,NULL,0,0,0,0,NULL,NULL,NULL,NULL,NULL,NULL,NULL,NULL,NULL,NULL
1439,1251,10/30/19,518,NULL,1,NULL,0.0019,1.26,NULL,1.26,NULL,0,0,0,0,NULL,NULL,NULL,NULL,NULL,NULL,NULL,NULL,NULL,NULL
1440,1234,10/31/19,701,NULL,1,NULL,0.0014,0.34,NULL,0.34,NULL,0,0,0,0,NULL,NULL,NULL,NULL,NULL,NULL,NULL,NULL,NULL,NULL
1441,1226,10/31/19,224,NULL,0,NULL,0,0,NULL,0,NULL,0,0,0,0,NULL,NULL,NULL,NULL,NULL,NULL,NULL,NULL,NULL,NULL
1442,1238,10/31/19,13826,NULL,43,NULL,0.0031,2.15,NULL,92.66,NULL,0.8275,0,111.97,9,NULL,NULL,NULL,NULL,NULL,NULL,NULL,NULL,NULL,NULL
1443,1249,10/31/19,108,NULL,0,NULL,0,0,NULL,0,NULL,0,0,0,0,NULL,NULL,NULL,NULL,NULL,NULL,NULL,NULL,NULL,NULL
1444,1245,10/31/19,6865,NULL,13,NULL,0.0019,1.23,NULL,16.01,NULL,0,0,0,0,NULL,NULL,NULL,NULL,NULL,NULL,NULL,NULL,NULL,NULL
1445,1246,10/31/19,144,NULL,0,NULL,0,0,NULL,0,NULL,0,0,0,0,NULL,NULL,NULL,NULL,NULL,NULL,NULL,NULL,NULL,NULL
1446,1251,10/31/19,161,NULL,0,NULL,0,0,NULL,0,NULL,0,0,0,0,NULL,NULL,NULL,NULL,NULL,NULL,NULL,NULL,NULL,NULL
1447,1250,10/31/19,701,NULL,0,NULL,0,0,NULL,0,NULL,0,0,0,0,NULL,NULL,NULL,NULL,NULL,NULL,NULL,NULL,NULL,NULL
1448,1242,10/31/19,1191,NULL,1,NULL,0.0008,1.64,NULL,1.64,NULL,0,0,0,0,NULL,NULL,NULL,NULL,NULL,NULL,NULL,NULL,NULL,NULL
1449,1240,10/31/19,16642,NULL,30,NULL,0.0018,1.02,NULL,30.53,NULL,0.2618,0,116.63,6,NULL,NULL,NULL,NULL,NULL,NULL,NULL,NULL,NULL,NULL
1450,1223,10/31/19,173,NULL,0,NULL,0,0,NULL,0,NULL,0,0,0,0,NULL,NULL,NULL,NULL,NULL,NULL,NULL,NULL,NULL,NULL
1451,1229,10/31/19,13,NULL,0,NULL,0,0,NULL,0,NULL,0,0,0,0,NULL,NULL,NULL,NULL,NULL,NULL,NULL,NULL,NULL,NULL
1452,1244,10/31/19,1290,NULL,4,NULL,0.0031,1.24,NULL,4.94,NULL,0,0,0,0,NULL,NULL,NULL,NULL,NULL,NULL,NULL,NULL,NULL,NULL
1453,1231,10/31/19,6946,NULL,11,NULL,0.0016,1.53,NULL,16.86,NULL,0.9504,0,17.74,2,NULL,NULL,NULL,NULL,NULL,NULL,NULL,NULL,NULL,NULL
1454,1232,10/31/19,27,NULL,0,NULL,0,0,NULL,0,NULL,0,0,0,0,NULL,NULL,NULL,NULL,NULL,NULL,NULL,NULL,NULL,NULL
1455,1243,10/31/19,118,NULL,3,NULL,0.0254,0.99,NULL,2.97,NULL,0.1049,0,28.31,2,NULL,NULL,NULL,NULL,NULL,NULL,NULL,NULL,NULL,NULL
1456,1236,10/31/19,1648,NULL,0,NULL,0,0,NULL,0,NULL,0,0,0,0,NULL,NULL,NULL,NULL,NULL,NULL,NULL,NULL,NULL,NULL
1457,1235,10/31/19,263,NULL,0,NULL,0,0,NULL,0,NULL,0,0,0,0,NULL,NULL,NULL,NULL,NULL,NULL,NULL,NULL,NULL,NULL
1458,1233,10/31/19,329,NULL,2,NULL,0.0061,0.89,NULL,1.78,NULL,0,0,0,0,NULL,NULL,NULL,NULL,NULL,NULL,NULL,NULL,NULL,NULL
1459,1230,10/31/19,2141,NULL,1,NULL,0.0005,0.5,NULL,0.5,NULL,0,0,0,0,NULL,NULL,NULL,NULL,NULL,NULL,NULL,NULL,NULL,NULL
1460,1239,10/31/19,651,NULL,3,NULL,0.0046,1.24,NULL,3.71,NULL,0.3909,0,9.49,1,NULL,NULL,NULL,NULL,NULL,NULL,NULL,NULL,NULL,NULL
1461,1241,10/31/19,1521,NULL,1,NULL,0.0007,2,NULL,2,NULL,0,0,0,0,NULL,NULL,NULL,NULL,NULL,NULL,NULL,NULL,NULL,NULL
1462,1237,10/31/19,494,NULL,4,NULL,0.0081,0.91,NULL,3.64,NULL,0,0,0,0,NULL,NULL,NULL,NULL,NULL,NULL,NULL,NULL,NULL,NULL
1463,1248,10/31/19,3850,NULL,10,NULL,0.0026,1.92,NULL,19.19,NULL,0.369,0,52,2,NULL,NULL,NULL,NULL,NULL,NULL,NULL,NULL,NULL,NULL
1464,1252,10/31/19,126,NULL,0,NULL,0,0,NULL,0,NULL,0,0,0,0,NULL,NULL,NULL,NULL,NULL,NULL,NULL,NULL,NULL,NULL
1465,1243,11/1/19,41,NULL,2,NULL,0.0488,1,NULL,2,NULL,0.0531,0,37.68,1,NULL,NULL,NULL,NULL,NULL,NULL,NULL,NULL,NULL,NULL
1466,1239,11/1/19,277,NULL,9,NULL,0.0325,1.01,NULL,9.1,NULL,0.0791,0,115.05,6,NULL,NULL,NULL,NULL,NULL,NULL,NULL,NULL,NULL,NULL
1467,1230,11/1/19,775,NULL,0,NULL,0,0,NULL,0,NULL,0,0,0,0,NULL,NULL,NULL,NULL,NULL,NULL,NULL,NULL,NULL,NULL
1468,1252,11/1/19,72,NULL,0,NULL,0,0,NULL,0,NULL,0,0,0,0,NULL,NULL,NULL,NULL,NULL,NULL,NULL,NULL,NULL,NULL
1469,1248,11/1/19,2417,NULL,12,NULL,0.005,1.81,NULL,21.66,NULL,1.1125,0,19.47,1,NULL,NULL,NULL,NULL,NULL,NULL,NULL,NULL,NULL,NULL
1470,1240,11/1/19,11299,NULL,23,NULL,0.002,1.39,NULL,32.01,NULL,1.3299,0,24.07,2,NULL,NULL,NULL,NULL,NULL,NULL,NULL,NULL,NULL,NULL
1471,1223,11/1/19,133,NULL,0,NULL,0,0,NULL,0,NULL,0,0,0,0,NULL,NULL,NULL,NULL,NULL,NULL,NULL,NULL,NULL,NULL
1472,1231,11/1/19,5074,NULL,8,NULL,0.0016,0.94,NULL,7.54,NULL,0,0,0,0,NULL,NULL,NULL,NULL,NULL,NULL,NULL,NULL,NULL,NULL
1473,1234,11/1/19,656,NULL,1,NULL,0.0015,0.18,NULL,0.18,NULL,0,0,0,0,NULL,NULL,NULL,NULL,NULL,NULL,NULL,NULL,NULL,NULL
1474,1241,11/1/19,1167,NULL,1,NULL,0.0009,1.95,NULL,1.95,NULL,0.2441,0,7.99,1,NULL,NULL,NULL,NULL,NULL,NULL,NULL,NULL,NULL,NULL
1475,1237,11/1/19,261,NULL,5,NULL,0.0192,0.38,NULL,1.89,NULL,0.0485,0,38.94,2,NULL,NULL,NULL,NULL,NULL,NULL,NULL,NULL,NULL,NULL
1476,1242,11/1/19,885,NULL,0,NULL,0,0,NULL,0,NULL,0,0,0,0,NULL,NULL,NULL,NULL,NULL,NULL,NULL,NULL,NULL,NULL
1477,1238,11/1/19,8251,NULL,33,NULL,0.004,2.06,NULL,67.96,NULL,0.9426,0,72.1,7,NULL,NULL,NULL,NULL,NULL,NULL,NULL,NULL,NULL,NULL
1478,1226,11/1/19,172,NULL,1,NULL,0.0058,1.33,NULL,1.33,NULL,0.0409,0,32.51,1,NULL,NULL,NULL,NULL,NULL,NULL,NULL,NULL,NULL,NULL
1479,1232,11/1/19,33,NULL,0,NULL,0,0,NULL,0,NULL,0,0,0,0,NULL,NULL,NULL,NULL,NULL,NULL,NULL,NULL,NULL,NULL
1480,1250,11/1/19,551,NULL,1,NULL,0.0018,3.32,NULL,3.32,NULL,0,0,0,0,NULL,NULL,NULL,NULL,NULL,NULL,NULL,NULL,NULL,NULL
1481,1251,11/1/19,106,NULL,0,NULL,0,0,NULL,0,NULL,0,0,0,0,NULL,NULL,NULL,NULL,NULL,NULL,NULL,NULL,NULL,NULL
1482,1246,11/1/19,88,NULL,2,NULL,0.0227,0.5,NULL,1,NULL,0.0225,0,44.5,2,NULL,NULL,NULL,NULL,NULL,NULL,NULL,NULL,NULL,NULL
1483,1236,11/1/19,1294,NULL,3,NULL,0.0023,1.53,NULL,4.59,NULL,0,0,0,0,NULL,NULL,NULL,NULL,NULL,NULL,NULL,NULL,NULL,NULL
1484,1245,11/1/19,4713,NULL,6,NULL,0.0013,0.99,NULL,5.92,NULL,0.5891,0,10.05,1,NULL,NULL,NULL,NULL,NULL,NULL,NULL,NULL,NULL,NULL
1485,1235,11/1/19,151,NULL,0,NULL,0,0,NULL,0,NULL,0,0,0,0,NULL,NULL,NULL,NULL,NULL,NULL,NULL,NULL,NULL,NULL
1486,1238,11/2/19,0,NULL,0,NULL,0,0,NULL,0,NULL,0,0,0,0,NULL,NULL,NULL,NULL,NULL,NULL,NULL,NULL,NULL,NULL
1487,1240,11/2/19,0,NULL,0,NULL,0,0,NULL,0,NULL,0,0,3.35,1,NULL,NULL,NULL,NULL,NULL,NULL,NULL,NULL,NULL,NULL
1488,1245,11/3/19,8649,NULL,11,NULL,0.0013,1.1,NULL,12.14,NULL,0.2801,0,43.35,2,NULL,NULL,NULL,NULL,NULL,NULL,NULL,NULL,NULL,NULL
1489,1236,11/3/19,3548,NULL,5,NULL,0.0014,1.35,NULL,6.74,NULL,0.2109,0,31.96,3,NULL,NULL,NULL,NULL,NULL,NULL,NULL,NULL,NULL,NULL
1490,1251,11/3/19,325,NULL,0,NULL,0,0,NULL,0,NULL,0,0,0,0,NULL,NULL,NULL,NULL,NULL,NULL,NULL,NULL,NULL,NULL
1491,1246,11/3/19,230,NULL,2,NULL,0.0087,1.53,NULL,3.06,NULL,0.0249,0,122.76,4,NULL,NULL,NULL,NULL,NULL,NULL,NULL,NULL,NULL,NULL
1492,1242,11/3/19,2328,NULL,6,NULL,0.0026,4.35,NULL,26.08,NULL,0,0,0,0,NULL,NULL,NULL,NULL,NULL,NULL,NULL,NULL,NULL,NULL
1493,1248,11/3/19,6468,NULL,12,NULL,0.0019,1.52,NULL,18.27,NULL,0.3515,0,51.98,2,NULL,NULL,NULL,NULL,NULL,NULL,NULL,NULL,NULL,NULL
1494,1226,11/3/19,488,NULL,1,NULL,0.0021,1.5,NULL,1.5,NULL,0,0,0,0,NULL,NULL,NULL,NULL,NULL,NULL,NULL,NULL,NULL,NULL
1495,1238,11/3/19,17088,NULL,51,NULL,0.003,2.4,NULL,122.36,NULL,0.962,0,127.19,16,NULL,NULL,NULL,NULL,NULL,NULL,NULL,NULL,NULL,NULL
1496,1239,11/3/19,654,NULL,12,NULL,0.0184,0.71,NULL,8.52,NULL,0.0766,0,111.28,7,NULL,NULL,NULL,NULL,NULL,NULL,NULL,NULL,NULL,NULL
1497,1234,11/3/19,1181,NULL,1,NULL,0.0009,0.5,NULL,0.5,NULL,0,0,0,0,NULL,NULL,NULL,NULL,NULL,NULL,NULL,NULL,NULL,NULL
1498,1235,11/3/19,420,NULL,5,NULL,0.0119,1.97,NULL,9.83,NULL,0.2294,0,42.86,3,NULL,NULL,NULL,NULL,NULL,NULL,NULL,NULL,NULL,NULL
1499,1250,11/3/19,1704,NULL,3,NULL,0.0018,2.56,NULL,7.68,NULL,0,0,0,0,NULL,NULL,NULL,NULL,NULL,NULL,NULL,NULL,NULL,NULL
1500,1252,11/3/19,295,NULL,1,NULL,0.0034,0.37,NULL,0.37,NULL,0,0,0,0,NULL,NULL,NULL,NULL,NULL,NULL,NULL,NULL,NULL,NULL
1501,1237,11/3/19,623,NULL,11,NULL,0.0177,0.88,NULL,9.68,NULL,0.0746,0,129.7,6,NULL,NULL,NULL,NULL,NULL,NULL,NULL,NULL,NULL,NULL
1502,1230,11/3/19,927,NULL,1,NULL,0.0011,0.48,NULL,0.48,NULL,0,0,0,0,NULL,NULL,NULL,NULL,NULL,NULL,NULL,NULL,NULL,NULL
1503,1249,11/3/19,0,NULL,0,NULL,0,0,NULL,0,NULL,0,0,0,0,NULL,NULL,NULL,NULL,NULL,NULL,NULL,NULL,NULL,NULL
1504,1243,11/3/19,115,NULL,5,NULL,0.0435,0.86,NULL,4.3,NULL,0.8617,0,4.99,1,NULL,NULL,NULL,NULL,NULL,NULL,NULL,NULL,NULL,NULL
1505,1241,11/3/19,2959,NULL,1,NULL,0.0003,1.75,NULL,1.75,NULL,0,0,0,0,NULL,NULL,NULL,NULL,NULL,NULL,NULL,NULL,NULL,NULL
1506,1231,11/3/19,12552,NULL,16,NULL,0.0013,1.61,NULL,25.79,NULL,1.9246,0,13.4,4,NULL,NULL,NULL,NULL,NULL,NULL,NULL,NULL,NULL,NULL
1507,1240,11/3/19,22415,NULL,43,NULL,0.0019,1.13,NULL,48.67,NULL,0.2617,0,186,10,NULL,NULL,NULL,NULL,NULL,NULL,NULL,NULL,NULL,NULL
1508,1232,11/3/19,62,NULL,0,NULL,0,0,NULL,0,NULL,0,0,0,0,NULL,NULL,NULL,NULL,NULL,NULL,NULL,NULL,NULL,NULL
1509,1223,11/3/19,220,NULL,1,NULL,0.0046,0.42,NULL,0.42,NULL,0,0,0,0,NULL,NULL,NULL,NULL,NULL,NULL,NULL,NULL,NULL,NULL
1510,1235,11/4/19,796,NULL,1,NULL,0.0013,1.15,NULL,1.15,NULL,0,0,0,0,NULL,NULL,NULL,NULL,NULL,NULL,NULL,NULL,NULL,NULL
1511,1234,11/4/19,1326,NULL,1,NULL,0.0008,1.36,NULL,1.36,NULL,0,0,0,0,NULL,NULL,NULL,NULL,NULL,NULL,NULL,NULL,NULL,NULL
1512,1243,11/4/19,109,NULL,5,NULL,0.0459,0.78,NULL,3.88,NULL,0.103,0,37.68,2,NULL,NULL,NULL,NULL,NULL,NULL,NULL,NULL,NULL,NULL
1513,1236,11/4/19,3626,NULL,3,NULL,0.0008,1.86,NULL,5.58,NULL,0,0,0,0,NULL,NULL,NULL,NULL,NULL,NULL,NULL,NULL,NULL,NULL
1514,1233,11/4/19,771,NULL,1,NULL,0.0013,1.34,NULL,1.34,NULL,0,0,0,0,NULL,NULL,NULL,NULL,NULL,NULL,NULL,NULL,NULL,NULL
1515,1242,11/4/19,1650,NULL,2,NULL,0.0012,1.28,NULL,2.56,NULL,0,0,0,0,NULL,NULL,NULL,NULL,NULL,NULL,NULL,NULL,NULL,NULL
1516,1245,11/4/19,8859,NULL,21,NULL,0.0024,1.13,NULL,23.66,NULL,1.1547,0,20.49,1,NULL,NULL,NULL,NULL,NULL,NULL,NULL,NULL,NULL,NULL
1517,1223,11/4/19,235,NULL,1,NULL,0.0043,0.48,NULL,0.48,NULL,0,0,0,0,NULL,NULL,NULL,NULL,NULL,NULL,NULL,NULL,NULL,NULL
1518,1232,11/4/19,103,NULL,0,NULL,0,0,NULL,0,NULL,0,0,0,0,NULL,NULL,NULL,NULL,NULL,NULL,NULL,NULL,NULL,NULL
1519,1231,11/4/19,12348,NULL,23,NULL,0.0019,1.25,NULL,28.71,NULL,1.2243,0,23.45,4,NULL,NULL,NULL,NULL,NULL,NULL,NULL,NULL,NULL,NULL
1520,1241,11/4/19,2686,NULL,0,NULL,0,0,NULL,0,NULL,0,0,0,0,NULL,NULL,NULL,NULL,NULL,NULL,NULL,NULL,NULL,NULL
1521,1249,11/4/19,227,NULL,0,NULL,0,0,NULL,0,NULL,0,0,0,0,NULL,NULL,NULL,NULL,NULL,NULL,NULL,NULL,NULL,NULL
1522,1237,11/4/19,582,NULL,7,NULL,0.012,0.99,NULL,6.91,NULL,0.0786,0,87.88,3,NULL,NULL,NULL,NULL,NULL,NULL,NULL,NULL,NULL,NULL
1523,1230,11/4/19,897,NULL,2,NULL,0.0022,0.48,NULL,0.96,NULL,0,0,0,0,NULL,NULL,NULL,NULL,NULL,NULL,NULL,NULL,NULL,NULL
1524,1226,11/4/19,488,NULL,2,NULL,0.0041,0.51,NULL,1.02,NULL,0,0,0,0,NULL,NULL,NULL,NULL,NULL,NULL,NULL,NULL,NULL,NULL
1525,1239,11/4/19,659,NULL,3,NULL,0.0046,1.09,NULL,3.28,NULL,0,0,0,0,NULL,NULL,NULL,NULL,NULL,NULL,NULL,NULL,NULL,NULL
1526,1238,11/4/19,18720,NULL,63,NULL,0.0034,2.24,NULL,141.12,NULL,0.8691,0,162.38,15,NULL,NULL,NULL,NULL,NULL,NULL,NULL,NULL,NULL,NULL
1527,1248,11/4/19,6598,NULL,14,NULL,0.0021,1.79,NULL,25.07,NULL,7.4836,0,3.35,1,NULL,NULL,NULL,NULL,NULL,NULL,NULL,NULL,NULL,NULL
1528,1244,11/4/19,1902,NULL,6,NULL,0.0032,1.22,NULL,7.32,NULL,0,0,0,0,NULL,NULL,NULL,NULL,NULL,NULL,NULL,NULL,NULL,NULL
1529,1246,11/4/19,239,NULL,0,NULL,0,0,NULL,0,NULL,0,0,0,0,NULL,NULL,NULL,NULL,NULL,NULL,NULL,NULL,NULL,NULL
1530,1251,11/4/19,270,NULL,1,NULL,0.0037,1.41,NULL,1.41,NULL,0,0,0,0,NULL,NULL,NULL,NULL,NULL,NULL,NULL,NULL,NULL,NULL
1531,1252,11/4/19,541,NULL,0,NULL,0,0,NULL,0,NULL,0,0,0,0,NULL,NULL,NULL,NULL,NULL,NULL,NULL,NULL,NULL,NULL
1532,1240,11/4/19,23183,NULL,51,NULL,0.0022,1.27,NULL,64.65,NULL,0.5937,0,108.89,6,NULL,NULL,NULL,NULL,NULL,NULL,NULL,NULL,NULL,NULL
1533,1229,11/4/19,32,NULL,0,NULL,0,0,NULL,0,NULL,0,0,0,0,NULL,NULL,NULL,NULL,NULL,NULL,NULL,NULL,NULL,NULL
1534,1250,11/4/19,1069,NULL,2,NULL,0.0019,4.71,NULL,9.41,NULL,0,0,0,0,NULL,NULL,NULL,NULL,NULL,NULL,NULL,NULL,NULL,NULL
1535,1249,11/5/19,307,NULL,1,NULL,0.0033,1.19,NULL,1.19,NULL,0,0,0,0,NULL,NULL,NULL,NULL,NULL,NULL,NULL,NULL,NULL,NULL
1536,1232,11/5/19,74,NULL,0,NULL,0,0,NULL,0,NULL,0,0,0,0,NULL,NULL,NULL,NULL,NULL,NULL,NULL,NULL,NULL,NULL
1537,1239,11/5/19,827,NULL,4,NULL,0.0048,1.16,NULL,4.62,NULL,0.3211,0,14.39,1,NULL,NULL,NULL,NULL,NULL,NULL,NULL,NULL,NULL,NULL
1538,1237,11/5/19,777,NULL,2,NULL,0.0026,2.4,NULL,4.8,NULL,0,0,0,0,NULL,NULL,NULL,NULL,NULL,NULL,NULL,NULL,NULL,NULL
1539,1230,11/5/19,754,NULL,1,NULL,0.0013,0.5,NULL,0.5,NULL,0,0,0,0,NULL,NULL,NULL,NULL,NULL,NULL,NULL,NULL,NULL,NULL
1540,1242,11/5/19,1194,NULL,3,NULL,0.0025,2.39,NULL,7.16,NULL,0,0,0,0,NULL,NULL,NULL,NULL,NULL,NULL,NULL,NULL,NULL,NULL
1541,1250,11/5/19,963,NULL,1,NULL,0.001,3.63,NULL,3.63,NULL,0,0,0,0,NULL,NULL,NULL,NULL,NULL,NULL,NULL,NULL,NULL,NULL
1542,1240,11/5/19,23465,NULL,35,NULL,0.0015,1.24,NULL,43.5,NULL,1.4442,0,30.12,4,NULL,NULL,NULL,NULL,NULL,NULL,NULL,NULL,NULL,NULL
1543,1235,11/5/19,350,NULL,3,NULL,0.0086,1.8,NULL,5.41,NULL,0.1122,0,48.21,4,NULL,NULL,NULL,NULL,NULL,NULL,NULL,NULL,NULL,NULL
1544,1251,11/5/19,257,NULL,0,NULL,0,0,NULL,0,NULL,0,0,0,0,NULL,NULL,NULL,NULL,NULL,NULL,NULL,NULL,NULL,NULL
1545,1223,11/5/19,232,NULL,0,NULL,0,0,NULL,0,NULL,0,0,0,0,NULL,NULL,NULL,NULL,NULL,NULL,NULL,NULL,NULL,NULL
1546,1246,11/5/19,135,NULL,2,NULL,0.0148,1.11,NULL,2.21,NULL,0.1079,0,20.49,1,NULL,NULL,NULL,NULL,NULL,NULL,NULL,NULL,NULL,NULL
1547,1248,11/5/19,6989,NULL,17,NULL,0.0024,1.93,NULL,32.77,NULL,0.494,0,66.33,3,NULL,NULL,NULL,NULL,NULL,NULL,NULL,NULL,NULL,NULL
1548,1243,11/5/19,87,NULL,2,NULL,0.023,1.14,NULL,2.28,NULL,0.436,0,5.23,1,NULL,NULL,NULL,NULL,NULL,NULL,NULL,NULL,NULL,NULL
1549,1252,11/5/19,150,NULL,0,NULL,0,0,NULL,0,NULL,0,0,0,0,NULL,NULL,NULL,NULL,NULL,NULL,NULL,NULL,NULL,NULL
1550,1229,11/5/19,31,NULL,0,NULL,0,0,NULL,0,NULL,0,0,0,0,NULL,NULL,NULL,NULL,NULL,NULL,NULL,NULL,NULL,NULL
1551,1245,11/5/19,7954,NULL,15,NULL,0.0019,1.05,NULL,15.69,NULL,0.3829,0,40.98,2,NULL,NULL,NULL,NULL,NULL,NULL,NULL,NULL,NULL,NULL
1552,1244,11/5/19,2745,NULL,5,NULL,0.0018,1.27,NULL,6.35,NULL,0,0,0,0,NULL,NULL,NULL,NULL,NULL,NULL,NULL,NULL,NULL,NULL
1553,1241,11/5/19,2294,NULL,0,NULL,0,0,NULL,0,NULL,0,0,0,0,NULL,NULL,NULL,NULL,NULL,NULL,NULL,NULL,NULL,NULL
1554,1234,11/5/19,1263,NULL,1,NULL,0.0008,0.22,NULL,0.22,NULL,0,0,0,0,NULL,NULL,NULL,NULL,NULL,NULL,NULL,NULL,NULL,NULL
1555,1233,11/5/19,953,NULL,2,NULL,0.0021,0.89,NULL,1.78,NULL,0,0,0,0,NULL,NULL,NULL,NULL,NULL,NULL,NULL,NULL,NULL,NULL
1556,1236,11/5/19,2482,NULL,4,NULL,0.0016,1.86,NULL,7.43,NULL,0.3758,0,19.77,3,NULL,NULL,NULL,NULL,NULL,NULL,NULL,NULL,NULL,NULL
1557,1238,11/5/19,21612,NULL,40,NULL,0.0019,2.03,NULL,81.23,NULL,0.506,0,160.53,14,NULL,NULL,NULL,NULL,NULL,NULL,NULL,NULL,NULL,NULL
1558,1226,11/5/19,401,NULL,2,NULL,0.005,0.55,NULL,1.09,NULL,0,0,0,0,NULL,NULL,NULL,NULL,NULL,NULL,NULL,NULL,NULL,NULL
1559,1231,11/5/19,12310,NULL,26,NULL,0.0021,1.52,NULL,39.42,NULL,2.2668,0,17.39,5,NULL,NULL,NULL,NULL,NULL,NULL,NULL,NULL,NULL,NULL
1560,1243,11/6/19,75,NULL,2,NULL,0.0267,0.36,NULL,0.72,NULL,0.0191,0,37.68,1,NULL,NULL,NULL,NULL,NULL,NULL,NULL,NULL,NULL,NULL
1561,1223,11/6/19,255,NULL,1,NULL,0.0039,0.5,NULL,0.5,NULL,0,0,0,0,NULL,NULL,NULL,NULL,NULL,NULL,NULL,NULL,NULL,NULL
1562,1241,11/6/19,1472,NULL,0,NULL,0,0,NULL,0,NULL,0,0,0,0,NULL,NULL,NULL,NULL,NULL,NULL,NULL,NULL,NULL,NULL
1563,1240,11/6/19,27999,NULL,62,NULL,0.0022,1.17,NULL,72.56,NULL,0.6298,0,115.21,11,NULL,NULL,NULL,NULL,NULL,NULL,NULL,NULL,NULL,NULL
1564,1249,11/6/19,371,NULL,0,NULL,0,0,NULL,0,NULL,0,0,0,0,NULL,NULL,NULL,NULL,NULL,NULL,NULL,NULL,NULL,NULL
1565,1252,11/6/19,239,NULL,1,NULL,0.0042,0.43,NULL,0.43,NULL,0.0538,0,7.99,1,NULL,NULL,NULL,NULL,NULL,NULL,NULL,NULL,NULL,NULL
1566,1237,11/6/19,503,NULL,4,NULL,0.008,1.2,NULL,4.79,NULL,0,0,0,0,NULL,NULL,NULL,NULL,NULL,NULL,NULL,NULL,NULL,NULL
1567,1230,11/6/19,531,NULL,1,NULL,0.0019,0.44,NULL,0.44,NULL,0,0,0,0,NULL,NULL,NULL,NULL,NULL,NULL,NULL,NULL,NULL,NULL
1568,1239,11/6/19,583,NULL,11,NULL,0.0189,1.41,NULL,15.56,NULL,0.2369,0,65.67,4,NULL,NULL,NULL,NULL,NULL,NULL,NULL,NULL,NULL,NULL
1569,1226,11/6/19,415,NULL,0,NULL,0,0,NULL,0,NULL,0,0,0,0,NULL,NULL,NULL,NULL,NULL,NULL,NULL,NULL,NULL,NULL
1570,1238,11/6/19,18638,NULL,36,NULL,0.0019,1.9,NULL,68.34,NULL,0.8574,0,79.71,7,NULL,NULL,NULL,NULL,NULL,NULL,NULL,NULL,NULL,NULL
1571,1229,11/6/19,49,NULL,0,NULL,0,0,NULL,0,NULL,0,0,0,0,NULL,NULL,NULL,NULL,NULL,NULL,NULL,NULL,NULL,NULL
1572,1235,11/6/19,376,NULL,3,NULL,0.008,0.91,NULL,2.72,NULL,0.8119,0,3.35,1,NULL,NULL,NULL,NULL,NULL,NULL,NULL,NULL,NULL,NULL
1573,1244,11/6/19,3201,NULL,6,NULL,0.0019,1.16,NULL,6.98,NULL,0,0,0,0,NULL,NULL,NULL,NULL,NULL,NULL,NULL,NULL,NULL,NULL
1574,1248,11/6/19,7114,NULL,19,NULL,0.0027,1.85,NULL,35.07,NULL,0.2571,0,136.39,5,NULL,NULL,NULL,NULL,NULL,NULL,NULL,NULL,NULL,NULL
1575,1234,11/6/19,1231,NULL,0,NULL,0,0,NULL,0,NULL,0,0,0,0,NULL,NULL,NULL,NULL,NULL,NULL,NULL,NULL,NULL,NULL
1576,1250,11/6/19,866,NULL,0,NULL,0,0,NULL,0,NULL,0,0,0,0,NULL,NULL,NULL,NULL,NULL,NULL,NULL,NULL,NULL,NULL
1577,1246,11/6/19,143,NULL,1,NULL,0.007,0.37,NULL,0.37,NULL,0.0181,0,20.49,1,NULL,NULL,NULL,NULL,NULL,NULL,NULL,NULL,NULL,NULL
1578,1251,11/6/19,288,NULL,0,NULL,0,0,NULL,0,NULL,0,0,0,0,NULL,NULL,NULL,NULL,NULL,NULL,NULL,NULL,NULL,NULL
1579,1236,11/6/19,2306,NULL,4,NULL,0.0017,2.12,NULL,8.46,NULL,0,0,0,0,NULL,NULL,NULL,NULL,NULL,NULL,NULL,NULL,NULL,NULL
1580,1233,11/6/19,1136,NULL,5,NULL,0.0044,1.19,NULL,5.95,NULL,0,0,0,0,NULL,NULL,NULL,NULL,NULL,NULL,NULL,NULL,NULL,NULL
1581,1242,11/6/19,1640,NULL,6,NULL,0.0037,2.45,NULL,14.68,NULL,0.7165,0,20.49,1,NULL,NULL,NULL,NULL,NULL,NULL,NULL,NULL,NULL,NULL
1582,1245,11/6/19,7823,NULL,18,NULL,0.0023,1.13,NULL,20.27,NULL,0,0,0,0,NULL,NULL,NULL,NULL,NULL,NULL,NULL,NULL,NULL,NULL
1583,1231,11/6/19,10049,NULL,26,NULL,0.0026,1.61,NULL,41.97,NULL,3.1321,0,13.4,4,NULL,NULL,NULL,NULL,NULL,NULL,NULL,NULL,NULL,NULL
1584,1232,11/6/19,39,NULL,0,NULL,0,0,NULL,0,NULL,0,0,0,0,NULL,NULL,NULL,NULL,NULL,NULL,NULL,NULL,NULL,NULL
1585,1240,11/7/19,27338,NULL,58,NULL,0.0021,1.18,NULL,68.66,NULL,0.6716,0,102.23,10,NULL,NULL,NULL,NULL,NULL,NULL,NULL,NULL,NULL,NULL
1586,1226,11/7/19,304,NULL,1,NULL,0.0033,1.17,NULL,1.17,NULL,0,0,0,0,NULL,NULL,NULL,NULL,NULL,NULL,NULL,NULL,NULL,NULL
1587,1250,11/7/19,720,NULL,1,NULL,0.0014,4.86,NULL,4.86,NULL,0,0,0,0,NULL,NULL,NULL,NULL,NULL,NULL,NULL,NULL,NULL,NULL
1588,1244,11/7/19,1,NULL,0,NULL,0,0,NULL,0,NULL,0,0,0,0,NULL,NULL,NULL,NULL,NULL,NULL,NULL,NULL,NULL,NULL
1589,1236,11/7/19,2048,NULL,2,NULL,0.001,2.37,NULL,4.74,NULL,0.5932,0,7.99,1,NULL,NULL,NULL,NULL,NULL,NULL,NULL,NULL,NULL,NULL
1590,1246,11/7/19,252,NULL,1,NULL,0.004,0.37,NULL,0.37,NULL,0,0,0,0,NULL,NULL,NULL,NULL,NULL,NULL,NULL,NULL,NULL,NULL
1591,1251,11/7/19,239,NULL,2,NULL,0.0084,1.06,NULL,2.12,NULL,0.5594,0,3.79,1,NULL,NULL,NULL,NULL,NULL,NULL,NULL,NULL,NULL,NULL
1592,1234,11/7/19,1250,NULL,1,NULL,0.0008,1.48,NULL,1.48,NULL,0,0,0,0,NULL,NULL,NULL,NULL,NULL,NULL,NULL,NULL,NULL,NULL
1593,1235,11/7/19,389,NULL,8,NULL,0.0206,1.17,NULL,9.35,NULL,0.3284,0,28.47,3,NULL,NULL,NULL,NULL,NULL,NULL,NULL,NULL,NULL,NULL
1594,1230,11/7/19,548,NULL,2,NULL,0.0037,0.34,NULL,0.68,NULL,0,0,0,0,NULL,NULL,NULL,NULL,NULL,NULL,NULL,NULL,NULL,NULL
1595,1243,11/7/19,84,NULL,4,NULL,0.0476,1.57,NULL,6.27,NULL,0.0594,0,105.58,4,NULL,NULL,NULL,NULL,NULL,NULL,NULL,NULL,NULL,NULL
1596,1232,11/7/19,68,NULL,0,NULL,0,0,NULL,0,NULL,0,0,0,0,NULL,NULL,NULL,NULL,NULL,NULL,NULL,NULL,NULL,NULL
1597,1238,11/7/19,16209,NULL,47,NULL,0.0029,2.01,NULL,94.6,NULL,0.6885,0,137.41,14,NULL,NULL,NULL,NULL,NULL,NULL,NULL,NULL,NULL,NULL
1598,1239,11/7/19,454,NULL,12,NULL,0.0264,1.27,NULL,15.19,NULL,0.3653,0,41.58,4,NULL,NULL,NULL,NULL,NULL,NULL,NULL,NULL,NULL,NULL
1599,1237,11/7/19,427,NULL,1,NULL,0.0023,0.47,NULL,0.47,NULL,0,0,0,0,NULL,NULL,NULL,NULL,NULL,NULL,NULL,NULL,NULL,NULL
1600,1242,11/7/19,1787,NULL,3,NULL,0.0017,3.07,NULL,9.2,NULL,0.449,0,20.49,1,NULL,NULL,NULL,NULL,NULL,NULL,NULL,NULL,NULL,NULL
1601,1252,11/7/19,189,NULL,2,NULL,0.0106,0.9,NULL,1.8,NULL,0,0,0,0,NULL,NULL,NULL,NULL,NULL,NULL,NULL,NULL,NULL,NULL
1602,1223,11/7/19,168,NULL,0,NULL,0,0,NULL,0,NULL,0,0,0,0,NULL,NULL,NULL,NULL,NULL,NULL,NULL,NULL,NULL,NULL
1603,1248,11/7/19,7197,NULL,19,NULL,0.0026,1.64,NULL,31.11,NULL,0.218,0,142.74,5,NULL,NULL,NULL,NULL,NULL,NULL,NULL,NULL,NULL,NULL
1604,1241,11/7/19,1405,NULL,2,NULL,0.0014,1.7,NULL,3.4,NULL,0.4255,0,7.99,1,NULL,NULL,NULL,NULL,NULL,NULL,NULL,NULL,NULL,NULL
1605,1245,11/7/19,8754,NULL,12,NULL,0.0014,1.09,NULL,13.07,NULL,0,0,0,0,NULL,NULL,NULL,NULL,NULL,NULL,NULL,NULL,NULL,NULL
1606,1231,11/7/19,11572,NULL,26,NULL,0.0023,1.43,NULL,37.21,NULL,1.5225,0,24.44,4,NULL,NULL,NULL,NULL,NULL,NULL,NULL,NULL,NULL,NULL
1607,1238,11/8/19,14724,NULL,38,NULL,0.0026,1.82,NULL,69.03,NULL,0.5477,0,126.04,13,NULL,NULL,NULL,NULL,NULL,NULL,NULL,NULL,NULL,NULL
1608,1239,11/8/19,495,NULL,15,NULL,0.0303,0.97,NULL,14.61,NULL,0.1122,0,130.19,9,NULL,NULL,NULL,NULL,NULL,NULL,NULL,NULL,NULL,NULL
1609,1242,11/8/19,2353,NULL,1,NULL,0.0004,4.99,NULL,4.99,NULL,0,0,0,0,NULL,NULL,NULL,NULL,NULL,NULL,NULL,NULL,NULL,NULL
1610,1241,11/8/19,1263,NULL,2,NULL,0.0016,1.42,NULL,2.83,NULL,0.3542,0,7.99,1,NULL,NULL,NULL,NULL,NULL,NULL,NULL,NULL,NULL,NULL
1611,1248,11/8/19,6007,NULL,18,NULL,0.003,1.79,NULL,32.26,NULL,0.5543,0,58.2,3,NULL,NULL,NULL,NULL,NULL,NULL,NULL,NULL,NULL,NULL
1612,1250,11/8/19,474,NULL,0,NULL,0,0,NULL,0,NULL,0,0,0,0,NULL,NULL,NULL,NULL,NULL,NULL,NULL,NULL,NULL,NULL
1613,1235,11/8/19,424,NULL,3,NULL,0.0071,1.58,NULL,4.73,NULL,0.4984,0,9.49,1,NULL,NULL,NULL,NULL,NULL,NULL,NULL,NULL,NULL,NULL
1614,1234,11/8/19,1408,NULL,0,NULL,0,0,NULL,0,NULL,0,0,0,0,NULL,NULL,NULL,NULL,NULL,NULL,NULL,NULL,NULL,NULL
1615,1246,11/8/19,263,NULL,4,NULL,0.0152,1.17,NULL,4.69,NULL,0,0,0,0,NULL,NULL,NULL,NULL,NULL,NULL,NULL,NULL,NULL,NULL
1616,1232,11/8/19,52,NULL,0,NULL,0,0,NULL,0,NULL,0,0,0,0,NULL,NULL,NULL,NULL,NULL,NULL,NULL,NULL,NULL,NULL
1617,1251,11/8/19,340,NULL,0,NULL,0,0,NULL,0,NULL,0,0,0,0,NULL,NULL,NULL,NULL,NULL,NULL,NULL,NULL,NULL,NULL
1618,1231,11/8/19,10444,NULL,21,NULL,0.002,1.65,NULL,34.59,NULL,0,0,0,0,NULL,NULL,NULL,NULL,NULL,NULL,NULL,NULL,NULL,NULL
1619,1223,11/8/19,92,NULL,0,NULL,0,0,NULL,0,NULL,0,0,0,0,NULL,NULL,NULL,NULL,NULL,NULL,NULL,NULL,NULL,NULL
1620,1243,11/8/19,43,NULL,1,NULL,0.0233,0.47,NULL,0.47,NULL,0,0,0,0,NULL,NULL,NULL,NULL,NULL,NULL,NULL,NULL,NULL,NULL
1621,1245,11/8/19,6552,NULL,8,NULL,0.0012,1.08,NULL,8.63,NULL,0.3775,0,22.86,1,NULL,NULL,NULL,NULL,NULL,NULL,NULL,NULL,NULL,NULL
1622,1236,11/8/19,1413,NULL,0,NULL,0,0,NULL,0,NULL,0,0,0,0,NULL,NULL,NULL,NULL,NULL,NULL,NULL,NULL,NULL,NULL
1623,1240,11/8/19,23681,NULL,37,NULL,0.0016,1.15,NULL,42.4,NULL,0.3536,0,119.9,5,NULL,NULL,NULL,NULL,NULL,NULL,NULL,NULL,NULL,NULL
1624,1252,11/8/19,197,NULL,2,NULL,0.0102,1.47,NULL,2.93,NULL,0.3667,0,7.99,1,NULL,NULL,NULL,NULL,NULL,NULL,NULL,NULL,NULL,NULL
1625,1237,11/8/19,471,NULL,7,NULL,0.0149,0.92,NULL,6.44,NULL,0.4558,0,14.13,1,NULL,NULL,NULL,NULL,NULL,NULL,NULL,NULL,NULL,NULL
1626,1230,11/8/19,526,NULL,2,NULL,0.0038,0.59,NULL,1.17,NULL,0,0,0,0,NULL,NULL,NULL,NULL,NULL,NULL,NULL,NULL,NULL,NULL
1627,1226,11/8/19,300,NULL,0,NULL,0,0,NULL,0,NULL,0,0,0,0,NULL,NULL,NULL,NULL,NULL,NULL,NULL,NULL,NULL,NULL
1628,1252,11/9/19,52,NULL,1,NULL,0.0192,1.67,NULL,1.67,NULL,0.0955,0,17.48,2,NULL,NULL,NULL,NULL,NULL,NULL,NULL,NULL,NULL,NULL
1629,1234,11/9/19,716,NULL,1,NULL,0.0014,1.48,NULL,1.48,NULL,0,0,0,0,NULL,NULL,NULL,NULL,NULL,NULL,NULL,NULL,NULL,NULL
1630,1242,11/9/19,1046,NULL,1,NULL,0.001,1.6,NULL,1.6,NULL,0.0781,0,20.49,1,NULL,NULL,NULL,NULL,NULL,NULL,NULL,NULL,NULL,NULL
1631,1236,11/9/19,1348,NULL,2,NULL,0.0015,2.72,NULL,5.43,NULL,0,0,0,0,NULL,NULL,NULL,NULL,NULL,NULL,NULL,NULL,NULL,NULL
1632,1232,11/9/19,29,NULL,0,NULL,0,0,NULL,0,NULL,0,0,0,0,NULL,NULL,NULL,NULL,NULL,NULL,NULL,NULL,NULL,NULL
1633,1230,11/9/19,155,NULL,2,NULL,0.0129,0.81,NULL,1.61,NULL,0,0,0,0,NULL,NULL,NULL,NULL,NULL,NULL,NULL,NULL,NULL,NULL
1634,1231,11/9/19,5868,NULL,12,NULL,0.002,1.73,NULL,20.8,NULL,1.4455,0,14.39,1,NULL,NULL,NULL,NULL,NULL,NULL,NULL,NULL,NULL,NULL
1635,1223,11/9/19,44,NULL,0,NULL,0,0,NULL,0,NULL,0,0,0,0,NULL,NULL,NULL,NULL,NULL,NULL,NULL,NULL,NULL,NULL
1636,1245,11/9/19,3317,NULL,4,NULL,0.0012,0.95,NULL,3.79,NULL,0,0,0,0,NULL,NULL,NULL,NULL,NULL,NULL,NULL,NULL,NULL,NULL
1637,1241,11/9/19,999,NULL,0,NULL,0,0,NULL,0,NULL,0,0,0,0,NULL,NULL,NULL,NULL,NULL,NULL,NULL,NULL,NULL,NULL
1638,1240,11/9/19,10553,NULL,21,NULL,0.002,1.04,NULL,21.79,NULL,0.3483,0,62.57,4,NULL,NULL,NULL,NULL,NULL,NULL,NULL,NULL,NULL,NULL
1639,1243,11/9/19,19,NULL,1,NULL,0.0526,0.6,NULL,0.6,NULL,0,0,0,0,NULL,NULL,NULL,NULL,NULL,NULL,NULL,NULL,NULL,NULL
1640,1246,11/9/19,104,NULL,0,NULL,0,0,NULL,0,NULL,0,0,0,0,NULL,NULL,NULL,NULL,NULL,NULL,NULL,NULL,NULL,NULL
1641,1237,11/9/19,255,NULL,2,NULL,0.0078,0.74,NULL,1.48,NULL,0.0381,0,38.8,2,NULL,NULL,NULL,NULL,NULL,NULL,NULL,NULL,NULL,NULL
1642,1226,11/9/19,153,NULL,1,NULL,0.0065,1.16,NULL,1.16,NULL,0,0,0,0,NULL,NULL,NULL,NULL,NULL,NULL,NULL,NULL,NULL,NULL
1643,1251,11/9/19,101,NULL,0,NULL,0,0,NULL,0,NULL,0,0,0,0,NULL,NULL,NULL,NULL,NULL,NULL,NULL,NULL,NULL,NULL
1644,1239,11/9/19,382,NULL,7,NULL,0.0183,0.68,NULL,4.79,NULL,0.1664,0,28.78,2,NULL,NULL,NULL,NULL,NULL,NULL,NULL,NULL,NULL,NULL
1645,1235,11/9/19,275,NULL,2,NULL,0.0073,0.75,NULL,1.49,NULL,0.0655,0,22.74,1,NULL,NULL,NULL,NULL,NULL,NULL,NULL,NULL,NULL,NULL
1646,1238,11/9/19,10847,NULL,27,NULL,0.0025,1.85,NULL,49.98,NULL,0.5164,0,96.79,9,NULL,NULL,NULL,NULL,NULL,NULL,NULL,NULL,NULL,NULL
1647,1250,11/9/19,384,NULL,0,NULL,0,0,NULL,0,NULL,0,0,0,0,NULL,NULL,NULL,NULL,NULL,NULL,NULL,NULL,NULL,NULL
1648,1248,11/9/19,3141,NULL,8,NULL,0.0026,1.42,NULL,11.39,NULL,0.5871,0,19.4,1,NULL,NULL,NULL,NULL,NULL,NULL,NULL,NULL,NULL,NULL
1649,1226,11/10/19,530,NULL,0,NULL,0,0,NULL,0,NULL,0,0,0,0,NULL,NULL,NULL,NULL,NULL,NULL,NULL,NULL,NULL,NULL
1650,1243,11/10/19,104,NULL,5,NULL,0.0481,1.33,NULL,6.65,NULL,0.0786,0,84.66,4,NULL,NULL,NULL,NULL,NULL,NULL,NULL,NULL,NULL,NULL
1651,1235,11/10/19,683,NULL,4,NULL,0.0059,1.28,NULL,5.12,NULL,0.1349,0,37.96,4,NULL,NULL,NULL,NULL,NULL,NULL,NULL,NULL,NULL,NULL
1652,1231,11/10/19,11367,NULL,28,NULL,0.0025,1.42,NULL,39.79,NULL,3.9592,0,10.05,3,NULL,NULL,NULL,NULL,NULL,NULL,NULL,NULL,NULL,NULL
1653,1232,11/10/19,42,NULL,0,NULL,0,0,NULL,0,NULL,0,0,0,0,NULL,NULL,NULL,NULL,NULL,NULL,NULL,NULL,NULL,NULL
1654,1239,11/10/19,876,NULL,13,NULL,0.0148,0.91,NULL,11.77,NULL,0.1594,0,73.82,6,NULL,NULL,NULL,NULL,NULL,NULL,NULL,NULL,NULL,NULL
1655,1251,11/10/19,465,NULL,2,NULL,0.0043,1.35,NULL,2.7,NULL,0,0,0,0,NULL,NULL,NULL,NULL,NULL,NULL,NULL,NULL,NULL,NULL
1656,1238,11/10/19,20377,NULL,41,NULL,0.002,1.91,NULL,78.13,NULL,0.684,0,114.23,14,NULL,NULL,NULL,NULL,NULL,NULL,NULL,NULL,NULL,NULL
1657,1252,11/10/19,186,NULL,0,NULL,0,0,NULL,0,NULL,0,0,0,0,NULL,NULL,NULL,NULL,NULL,NULL,NULL,NULL,NULL,NULL
1658,1240,11/10/19,25255,NULL,65,NULL,0.0026,1.13,NULL,73.24,NULL,0.4344,0,168.59,16,NULL,NULL,NULL,NULL,NULL,NULL,NULL,NULL,NULL,NULL
1659,1223,11/10/19,283,NULL,0,NULL,0,0,NULL,0,NULL,0,0,0,0,NULL,NULL,NULL,NULL,NULL,NULL,NULL,NULL,NULL,NULL
1660,1234,11/10/19,1867,NULL,1,NULL,0.0005,1.43,NULL,1.43,NULL,0,0,0,0,NULL,NULL,NULL,NULL,NULL,NULL,NULL,NULL,NULL,NULL
1661,1230,11/10/19,429,NULL,0,NULL,0,0,NULL,0,NULL,0,0,0,0,NULL,NULL,NULL,NULL,NULL,NULL,NULL,NULL,NULL,NULL
1662,1245,11/10/19,7594,NULL,10,NULL,0.0013,1.1,NULL,10.99,NULL,0.2682,0,40.98,2,NULL,NULL,NULL,NULL,NULL,NULL,NULL,NULL,NULL,NULL
1663,1237,11/10/19,736,NULL,2,NULL,0.0027,1.26,NULL,2.51,NULL,0,0,0,0,NULL,NULL,NULL,NULL,NULL,NULL,NULL,NULL,NULL,NULL
1664,1250,11/10/19,1190,NULL,0,NULL,0,0,NULL,0,NULL,0,0,0,0,NULL,NULL,NULL,NULL,NULL,NULL,NULL,NULL,NULL,NULL
1665,1236,11/10/19,3136,NULL,2,NULL,0.0006,2.35,NULL,4.69,NULL,0,0,0,0,NULL,NULL,NULL,NULL,NULL,NULL,NULL,NULL,NULL,NULL
1666,1248,11/10/19,6975,NULL,15,NULL,0.0022,1.8,NULL,27,NULL,0.3925,0,68.79,4,NULL,NULL,NULL,NULL,NULL,NULL,NULL,NULL,NULL,NULL
1667,1241,11/10/19,1762,NULL,3,NULL,0.0017,1.9,NULL,5.69,NULL,0,0,0,0,NULL,NULL,NULL,NULL,NULL,NULL,NULL,NULL,NULL,NULL
1668,1246,11/10/19,193,NULL,1,NULL,0.0052,0.37,NULL,0.37,NULL,0,0,0,0,NULL,NULL,NULL,NULL,NULL,NULL,NULL,NULL,NULL,NULL
1669,1242,11/10/19,1981,NULL,4,NULL,0.002,2.3,NULL,9.2,NULL,0.449,0,20.49,1,NULL,NULL,NULL,NULL,NULL,NULL,NULL,NULL,NULL,NULL
1670,1243,11/11/19,102,NULL,2,NULL,0.0196,1.92,NULL,3.84,NULL,0.0815,0,47.14,1,NULL,NULL,NULL,NULL,NULL,NULL,NULL,NULL,NULL,NULL
1671,1234,11/11/19,2342,NULL,2,NULL,0.0009,0.81,NULL,1.62,NULL,0,0,0,0,NULL,NULL,NULL,NULL,NULL,NULL,NULL,NULL,NULL,NULL
1672,1235,11/11/19,611,NULL,3,NULL,0.0049,1.34,NULL,4.03,NULL,0.4247,0,9.49,1,NULL,NULL,NULL,NULL,NULL,NULL,NULL,NULL,NULL,NULL
1673,1240,11/11/19,23490,NULL,42,NULL,0.0018,1.19,NULL,50.04,NULL,0.5842,0,85.66,4,NULL,NULL,NULL,NULL,NULL,NULL,NULL,NULL,NULL,NULL
1674,1250,11/11/19,1431,NULL,2,NULL,0.0014,2.87,NULL,5.74,NULL,0,0,0,0,NULL,NULL,NULL,NULL,NULL,NULL,NULL,NULL,NULL,NULL
1675,1223,11/11/19,304,NULL,1,NULL,0.0033,0.49,NULL,0.49,NULL,0,0,0,0,NULL,NULL,NULL,NULL,NULL,NULL,NULL,NULL,NULL,NULL
1676,1245,11/11/19,949,NULL,0,NULL,0,0,NULL,0,NULL,0,0,0,0,NULL,NULL,NULL,NULL,NULL,NULL,NULL,NULL,NULL,NULL
1677,1252,11/11/19,292,NULL,0,NULL,0,0,NULL,0,NULL,0,0,0,0,NULL,NULL,NULL,NULL,NULL,NULL,NULL,NULL,NULL,NULL
1678,1251,11/11/19,520,NULL,3,NULL,0.0058,1.48,NULL,4.45,NULL,0.4689,0,9.49,1,NULL,NULL,NULL,NULL,NULL,NULL,NULL,NULL,NULL,NULL
1679,1231,11/11/19,14978,NULL,24,NULL,0.0016,1.25,NULL,30.02,NULL,2.2403,0,13.4,4,NULL,NULL,NULL,NULL,NULL,NULL,NULL,NULL,NULL,NULL
1680,1232,11/11/19,11,NULL,0,NULL,0,0,NULL,0,NULL,0,0,0,0,NULL,NULL,NULL,NULL,NULL,NULL,NULL,NULL,NULL,NULL
1681,1237,11/11/19,978,NULL,5,NULL,0.0051,0.97,NULL,4.83,NULL,0.143,0,33.77,2,NULL,NULL,NULL,NULL,NULL,NULL,NULL,NULL,NULL,NULL
1682,1230,11/11/19,590,NULL,1,NULL,0.0017,0.48,NULL,0.48,NULL,0,0,0,0,NULL,NULL,NULL,NULL,NULL,NULL,NULL,NULL,NULL,NULL
1683,1242,11/11/19,182,NULL,1,NULL,0.0055,0.3,NULL,0.3,NULL,0,0,0,0,NULL,NULL,NULL,NULL,NULL,NULL,NULL,NULL,NULL,NULL
1684,1248,11/11/19,8023,NULL,20,NULL,0.0025,1.86,NULL,37.27,NULL,0,0,0,0,NULL,NULL,NULL,NULL,NULL,NULL,NULL,NULL,NULL,NULL
1685,1239,11/11/19,909,NULL,21,NULL,0.0231,0.97,NULL,20.32,NULL,0.1201,0,169.25,13,NULL,NULL,NULL,NULL,NULL,NULL,NULL,NULL,NULL,NULL
1686,1238,11/11/19,29687,NULL,64,NULL,0.0022,1.88,NULL,120.6,NULL,0.6246,0,193.07,26,NULL,NULL,NULL,NULL,NULL,NULL,NULL,NULL,NULL,NULL
1687,1226,11/11/19,824,NULL,4,NULL,0.0049,0.82,NULL,3.26,NULL,0.1003,0,32.51,1,NULL,NULL,NULL,NULL,NULL,NULL,NULL,NULL,NULL,NULL
1688,1246,11/11/19,27,NULL,0,NULL,0,0,NULL,0,NULL,0,0,0,0,NULL,NULL,NULL,NULL,NULL,NULL,NULL,NULL,NULL,NULL
1689,1241,11/11/19,2124,NULL,2,NULL,0.0009,1.26,NULL,2.51,NULL,0,0,0,0,NULL,NULL,NULL,NULL,NULL,NULL,NULL,NULL,NULL,NULL
1690,1236,11/11/19,2993,NULL,2,NULL,0.0007,1.28,NULL,2.55,NULL,0,0,0,0,NULL,NULL,NULL,NULL,NULL,NULL,NULL,NULL,NULL,NULL
1691,1251,11/12/19,292,NULL,1,NULL,0.0034,1.21,NULL,1.21,NULL,0,0,0,0,NULL,NULL,NULL,NULL,NULL,NULL,NULL,NULL,NULL,NULL
1692,1250,11/12/19,1196,NULL,0,NULL,0,0,NULL,0,NULL,0,0,0,0,NULL,NULL,NULL,NULL,NULL,NULL,NULL,NULL,NULL,NULL
1693,1235,11/12/19,535,NULL,8,NULL,0.015,1.34,NULL,10.69,NULL,0.1,0,106.88,6,NULL,NULL,NULL,NULL,NULL,NULL,NULL,NULL,NULL,NULL
1694,1243,11/12/19,103,NULL,2,NULL,0.0194,0.93,NULL,1.85,NULL,0.0491,0,37.68,1,NULL,NULL,NULL,NULL,NULL,NULL,NULL,NULL,NULL,NULL
1695,1248,11/12/19,10206,NULL,19,NULL,0.0019,2.04,NULL,38.71,NULL,0.4535,0,85.36,3,NULL,NULL,NULL,NULL,NULL,NULL,NULL,NULL,NULL,NULL
1696,1241,11/12/19,2113,NULL,2,NULL,0.001,1.96,NULL,3.92,NULL,0,0,0,0,NULL,NULL,NULL,NULL,NULL,NULL,NULL,NULL,NULL,NULL
1697,1252,11/12/19,173,NULL,0,NULL,0,0,NULL,0,NULL,0,0,0,0,NULL,NULL,NULL,NULL,NULL,NULL,NULL,NULL,NULL,NULL
1698,1234,11/12/19,1749,NULL,0,NULL,0,0,NULL,0,NULL,0,0,0,0,NULL,NULL,NULL,NULL,NULL,NULL,NULL,NULL,NULL,NULL
1699,1240,11/12/19,25437,NULL,59,NULL,0.0023,1.1,NULL,64.81,NULL,0.636,0,101.9,11,NULL,NULL,NULL,NULL,NULL,NULL,NULL,NULL,NULL,NULL
1700,1236,11/12/19,2645,NULL,6,NULL,0.0023,1.65,NULL,9.89,NULL,0.5658,0,17.48,2,NULL,NULL,NULL,NULL,NULL,NULL,NULL,NULL,NULL,NULL
1701,1237,11/12/19,857,NULL,5,NULL,0.0058,0.8,NULL,4,NULL,0.2064,0,19.38,1,NULL,NULL,NULL,NULL,NULL,NULL,NULL,NULL,NULL,NULL
1702,1230,11/12/19,670,NULL,3,NULL,0.0045,0.46,NULL,1.37,NULL,0.1444,0,9.49,1,NULL,NULL,NULL,NULL,NULL,NULL,NULL,NULL,NULL,NULL
1703,1239,11/12/19,1082,NULL,9,NULL,0.0083,1.11,NULL,10.03,NULL,0.1495,0,67.11,4,NULL,NULL,NULL,NULL,NULL,NULL,NULL,NULL,NULL,NULL
1704,1223,11/12/19,304,NULL,1,NULL,0.0033,0.39,NULL,0.39,NULL,0,0,0,0,NULL,NULL,NULL,NULL,NULL,NULL,NULL,NULL,NULL,NULL
1705,1238,11/12/19,25032,NULL,42,NULL,0.0017,2.17,NULL,91.21,NULL,0.7068,0,129.04,12,NULL,NULL,NULL,NULL,NULL,NULL,NULL,NULL,NULL,NULL
1706,1226,11/12/19,859,NULL,3,NULL,0.0035,1.13,NULL,3.38,NULL,0,0,0,0,NULL,NULL,NULL,NULL,NULL,NULL,NULL,NULL,NULL,NULL
1707,1231,11/12/19,17344,NULL,42,NULL,0.0024,1.32,NULL,55.38,NULL,0.9478,0,58.43,6,NULL,NULL,NULL,NULL,NULL,NULL,NULL,NULL,NULL,NULL
1708,1223,11/13/19,385,NULL,0,NULL,0,0,NULL,0,NULL,0,0,0,0,NULL,NULL,NULL,NULL,NULL,NULL,NULL,NULL,NULL,NULL
1709,1250,11/13/19,949,NULL,1,NULL,0.0011,2.31,NULL,2.31,NULL,0,0,0,0,NULL,NULL,NULL,NULL,NULL,NULL,NULL,NULL,NULL,NULL
1710,1248,11/13/19,11891,NULL,24,NULL,0.002,1.8,NULL,43.11,NULL,0.1263,0,341.44,6,NULL,NULL,NULL,NULL,NULL,NULL,NULL,NULL,NULL,NULL
1711,1239,11/13/19,1125,NULL,16,NULL,0.0142,1.19,NULL,18.96,NULL,0.2138,0,88.7,6,NULL,NULL,NULL,NULL,NULL,NULL,NULL,NULL,NULL,NULL
1712,1238,11/13/19,27378,NULL,53,NULL,0.0019,1.88,NULL,99.39,NULL,1.0074,0,98.66,14,NULL,NULL,NULL,NULL,NULL,NULL,NULL,NULL,NULL,NULL
1713,1226,11/13/19,654,NULL,1,NULL,0.0015,1.46,NULL,1.46,NULL,0,0,0,0,NULL,NULL,NULL,NULL,NULL,NULL,NULL,NULL,NULL,NULL
1714,1241,11/13/19,1314,NULL,3,NULL,0.0023,2.41,NULL,7.23,NULL,0.9049,0,7.99,1,NULL,NULL,NULL,NULL,NULL,NULL,NULL,NULL,NULL,NULL
1715,1236,11/13/19,1710,NULL,6,NULL,0.0035,1.91,NULL,11.46,NULL,1.4343,0,7.99,1,NULL,NULL,NULL,NULL,NULL,NULL,NULL,NULL,NULL,NULL
1716,1235,11/13/19,707,NULL,5,NULL,0.0071,1.24,NULL,6.2,NULL,0.6533,0,9.49,1,NULL,NULL,NULL,NULL,NULL,NULL,NULL,NULL,NULL,NULL
1717,1234,11/13/19,2105,NULL,3,NULL,0.0014,1.43,NULL,4.28,NULL,0,0,0,0,NULL,NULL,NULL,NULL,NULL,NULL,NULL,NULL,NULL,NULL
1718,1243,11/13/19,129,NULL,4,NULL,0.031,0.93,NULL,3.72,NULL,0.061,0,60.98,2,NULL,NULL,NULL,NULL,NULL,NULL,NULL,NULL,NULL,NULL
1719,1230,11/13/19,779,NULL,3,NULL,0.0039,0.42,NULL,1.25,NULL,0,0,0,0,NULL,NULL,NULL,NULL,NULL,NULL,NULL,NULL,NULL,NULL
1720,1237,11/13/19,784,NULL,10,NULL,0.0128,1.02,NULL,10.17,NULL,0.1942,0,52.37,2,NULL,NULL,NULL,NULL,NULL,NULL,NULL,NULL,NULL,NULL
1721,1231,11/13/19,18765,NULL,32,NULL,0.0017,1.25,NULL,39.99,NULL,2.3875,0,16.75,5,NULL,NULL,NULL,NULL,NULL,NULL,NULL,NULL,NULL,NULL
1722,1251,11/13/19,178,NULL,0,NULL,0,0,NULL,0,NULL,0,0,0,0,NULL,NULL,NULL,NULL,NULL,NULL,NULL,NULL,NULL,NULL
1723,1240,11/13/19,32136,NULL,59,NULL,0.0018,1.1,NULL,65.01,NULL,0.3968,0,163.82,14,NULL,NULL,NULL,NULL,NULL,NULL,NULL,NULL,NULL,NULL
1724,1252,11/13/19,163,NULL,2,NULL,0.0123,0.82,NULL,1.64,NULL,0,0,0,0,NULL,NULL,NULL,NULL,NULL,NULL,NULL,NULL,NULL,NULL
1725,1236,11/14/19,1731,NULL,2,NULL,0.0012,2.87,NULL,5.74,NULL,0,0,0,0,NULL,NULL,NULL,NULL,NULL,NULL,NULL,NULL,NULL,NULL
1726,1233,11/14/19,365,NULL,0,NULL,0,0,NULL,0,NULL,0,0,0,0,NULL,NULL,NULL,NULL,NULL,NULL,NULL,NULL,NULL,NULL
1727,1249,11/14/19,276,NULL,0,NULL,0,0,NULL,0,NULL,0,0,0,0,NULL,NULL,NULL,NULL,NULL,NULL,NULL,NULL,NULL,NULL
1728,1244,11/14/19,2916,NULL,0,NULL,0,0,NULL,0,NULL,0,0,0,0,NULL,NULL,NULL,NULL,NULL,NULL,NULL,NULL,NULL,NULL
1729,1241,11/14/19,1705,NULL,0,NULL,0,0,NULL,0,NULL,0,0,0,0,NULL,NULL,NULL,NULL,NULL,NULL,NULL,NULL,NULL,NULL
1730,1237,11/14/19,707,NULL,7,NULL,0.0099,0.84,NULL,5.89,NULL,0.1013,0,58.14,3,NULL,NULL,NULL,NULL,NULL,NULL,NULL,NULL,NULL,NULL
1731,1230,11/14/19,708,NULL,0,NULL,0,0,NULL,0,NULL,0,0,0,0,NULL,NULL,NULL,NULL,NULL,NULL,NULL,NULL,NULL,NULL
1732,1252,11/14/19,180,NULL,0,NULL,0,0,NULL,0,NULL,0,0,0,0,NULL,NULL,NULL,NULL,NULL,NULL,NULL,NULL,NULL,NULL
1733,1240,11/14/19,19867,NULL,35,NULL,0.0018,1.1,NULL,38.44,NULL,0.5445,0,70.6,6,NULL,NULL,NULL,NULL,NULL,NULL,NULL,NULL,NULL,NULL
1734,1231,11/14/19,14681,NULL,27,NULL,0.0018,1.52,NULL,41.15,NULL,0.9138,0,45.03,4,NULL,NULL,NULL,NULL,NULL,NULL,NULL,NULL,NULL,NULL
1735,1238,11/14/19,42041,NULL,63,NULL,0.0015,1.8,NULL,113.41,NULL,0.6933,0,163.59,18,NULL,NULL,NULL,NULL,NULL,NULL,NULL,NULL,NULL,NULL
1736,1226,11/14/19,419,NULL,0,NULL,0,0,NULL,0,NULL,0,0,0,0,NULL,NULL,NULL,NULL,NULL,NULL,NULL,NULL,NULL,NULL
1737,1239,11/14/19,756,NULL,9,NULL,0.0119,1.37,NULL,12.33,NULL,0.07,0,176.03,7,NULL,NULL,NULL,NULL,NULL,NULL,NULL,NULL,NULL,NULL
1738,1251,11/14/19,343,NULL,0,NULL,0,0,NULL,0,NULL,0,0,0,0,NULL,NULL,NULL,NULL,NULL,NULL,NULL,NULL,NULL,NULL
1739,1248,11/14/19,7257,NULL,8,NULL,0.0011,1.81,NULL,14.49,NULL,0,0,0,0,NULL,NULL,NULL,NULL,NULL,NULL,NULL,NULL,NULL,NULL
1740,1250,11/14/19,1357,NULL,3,NULL,0.0022,3.13,NULL,9.39,NULL,0,0,0,0,NULL,NULL,NULL,NULL,NULL,NULL,NULL,NULL,NULL,NULL
1741,1223,11/14/19,371,NULL,0,NULL,0,0,NULL,0,NULL,0,0,0,0,NULL,NULL,NULL,NULL,NULL,NULL,NULL,NULL,NULL,NULL
1742,1229,11/14/19,22,NULL,0,NULL,0,0,NULL,0,NULL,0,0,0,0,NULL,NULL,NULL,NULL,NULL,NULL,NULL,NULL,NULL,NULL
1743,1234,11/14/19,1415,NULL,2,NULL,0.0014,0.96,NULL,1.91,NULL,0,0,0,0,NULL,NULL,NULL,NULL,NULL,NULL,NULL,NULL,NULL,NULL
1744,1235,11/14/19,660,NULL,5,NULL,0.0076,1.63,NULL,8.15,NULL,0.8588,0,9.49,1,NULL,NULL,NULL,NULL,NULL,NULL,NULL,NULL,NULL,NULL
1745,1243,11/14/19,90,NULL,2,NULL,0.0222,1.19,NULL,2.37,NULL,0,0,0,0,NULL,NULL,NULL,NULL,NULL,NULL,NULL,NULL,NULL,NULL
1746,1226,11/15/19,443,NULL,0,NULL,0,0,NULL,0,NULL,0,0,0,0,NULL,NULL,NULL,NULL,NULL,NULL,NULL,NULL,NULL,NULL
1747,1239,11/15/19,593,NULL,6,NULL,0.0101,0.96,NULL,5.73,NULL,0.1312,0,43.69,2,NULL,NULL,NULL,NULL,NULL,NULL,NULL,NULL,NULL,NULL
1748,1248,11/15/19,7808,NULL,13,NULL,0.0017,2.66,NULL,34.59,NULL,1.7848,0,19.38,1,NULL,NULL,NULL,NULL,NULL,NULL,NULL,NULL,NULL,NULL
1749,1229,11/15/19,33,NULL,0,NULL,0,0,NULL,0,NULL,0,0,0,0,NULL,NULL,NULL,NULL,NULL,NULL,NULL,NULL,NULL,NULL
1750,1232,11/15/19,79,NULL,0,NULL,0,0,NULL,0,NULL,0,0,0,0,NULL,NULL,NULL,NULL,NULL,NULL,NULL,NULL,NULL,NULL
1751,1231,11/15/19,12693,NULL,30,NULL,0.0024,1.31,NULL,39.26,NULL,2.9299,0,13.4,2,NULL,NULL,NULL,NULL,NULL,NULL,NULL,NULL,NULL,NULL
1752,1250,11/15/19,1304,NULL,1,NULL,0.0008,6.7,NULL,6.7,NULL,0,0,0,0,NULL,NULL,NULL,NULL,NULL,NULL,NULL,NULL,NULL,NULL
1753,1245,11/15/19,5762,NULL,4,NULL,0.0007,0.87,NULL,3.47,NULL,0.1694,0,20.49,1,NULL,NULL,NULL,NULL,NULL,NULL,NULL,NULL,NULL,NULL
1754,1251,11/15/19,297,NULL,0,NULL,0,0,NULL,0,NULL,0,0,0,0,NULL,NULL,NULL,NULL,NULL,NULL,NULL,NULL,NULL,NULL
1755,1242,11/15/19,1113,NULL,2,NULL,0.0018,2.09,NULL,4.18,NULL,0,0,0,0,NULL,NULL,NULL,NULL,NULL,NULL,NULL,NULL,NULL,NULL
1756,1235,11/15/19,519,NULL,9,NULL,0.0173,1.18,NULL,10.59,NULL,0.558,0,18.98,2,NULL,NULL,NULL,NULL,NULL,NULL,NULL,NULL,NULL,NULL
1757,1249,11/15/19,290,NULL,0,NULL,0,0,NULL,0,NULL,0,0,0,0,NULL,NULL,NULL,NULL,NULL,NULL,NULL,NULL,NULL,NULL
1758,1233,11/15/19,725,NULL,1,NULL,0.0014,0.99,NULL,0.99,NULL,0,0,0,0,NULL,NULL,NULL,NULL,NULL,NULL,NULL,NULL,NULL,NULL
1759,1243,11/15/19,93,NULL,1,NULL,0.0108,0.65,NULL,0.65,NULL,0,0,0,0,NULL,NULL,NULL,NULL,NULL,NULL,NULL,NULL,NULL,NULL
1760,1223,11/15/19,382,NULL,1,NULL,0.0026,0.5,NULL,0.5,NULL,0,0,0,0,NULL,NULL,NULL,NULL,NULL,NULL,NULL,NULL,NULL,NULL
1761,1236,11/15/19,1940,NULL,3,NULL,0.0016,2.49,NULL,7.46,NULL,0,0,0,0,NULL,NULL,NULL,NULL,NULL,NULL,NULL,NULL,NULL,NULL
1762,1234,11/15/19,1534,NULL,1,NULL,0.0007,1.66,NULL,1.66,NULL,0,0,0,0,NULL,NULL,NULL,NULL,NULL,NULL,NULL,NULL,NULL,NULL
1763,1244,11/15/19,4249,NULL,8,NULL,0.0019,1.04,NULL,8.34,NULL,0,0,0,0,NULL,NULL,NULL,NULL,NULL,NULL,NULL,NULL,NULL,NULL
1764,1240,11/15/19,20831,NULL,59,NULL,0.0028,1.09,NULL,64.56,NULL,0.9556,0,67.56,6,NULL,NULL,NULL,NULL,NULL,NULL,NULL,NULL,NULL,NULL
1765,1241,11/15/19,1247,NULL,1,NULL,0.0008,1.74,NULL,1.74,NULL,0,0,0,0,NULL,NULL,NULL,NULL,NULL,NULL,NULL,NULL,NULL,NULL
1766,1246,11/15/19,67,NULL,1,NULL,0.0149,0.37,NULL,0.37,NULL,0.0164,0,22.52,1,NULL,NULL,NULL,NULL,NULL,NULL,NULL,NULL,NULL,NULL
1767,1230,11/15/19,1130,NULL,1,NULL,0.0009,0.5,NULL,0.5,NULL,0,0,0,0,NULL,NULL,NULL,NULL,NULL,NULL,NULL,NULL,NULL,NULL
1768,1237,11/15/19,564,NULL,4,NULL,0.0071,1.27,NULL,5.06,NULL,0.5763,0,8.78,1,NULL,NULL,NULL,NULL,NULL,NULL,NULL,NULL,NULL,NULL
1769,1252,11/15/19,184,NULL,2,NULL,0.0109,1.19,NULL,2.38,NULL,0.0549,0,43.35,3,NULL,NULL,NULL,NULL,NULL,NULL,NULL,NULL,NULL,NULL
1770,1238,11/15/19,52682,NULL,55,NULL,0.001,1.66,NULL,91.34,NULL,0.6791,0,134.51,16,NULL,NULL,NULL,NULL,NULL,NULL,NULL,NULL,NULL,NULL
1771,1230,11/16/19,33,NULL,0,NULL,0,0,NULL,0,NULL,0,0,0,0,NULL,NULL,NULL,NULL,NULL,NULL,NULL,NULL,NULL,NULL
1772,1237,11/16/19,38,NULL,0,NULL,0,0,NULL,0,NULL,0,0,19.38,1,NULL,NULL,NULL,NULL,NULL,NULL,NULL,NULL,NULL,NULL
1773,1251,11/16/19,43,NULL,0,NULL,0,0,NULL,0,NULL,0,0,0,0,NULL,NULL,NULL,NULL,NULL,NULL,NULL,NULL,NULL,NULL
1774,1246,11/16/19,10,NULL,0,NULL,0,0,NULL,0,NULL,0,0,0,0,NULL,NULL,NULL,NULL,NULL,NULL,NULL,NULL,NULL,NULL
1775,1248,11/16/19,436,NULL,2,NULL,0.0046,1.36,NULL,2.72,NULL,0,0,0,0,NULL,NULL,NULL,NULL,NULL,NULL,NULL,NULL,NULL,NULL
1776,1252,11/16/19,11,NULL,0,NULL,0,0,NULL,0,NULL,0,0,0,0,NULL,NULL,NULL,NULL,NULL,NULL,NULL,NULL,NULL,NULL
1777,1234,11/16/19,155,NULL,0,NULL,0,0,NULL,0,NULL,0,0,0,0,NULL,NULL,NULL,NULL,NULL,NULL,NULL,NULL,NULL,NULL
1778,1242,11/16/19,203,NULL,0,NULL,0,0,NULL,0,NULL,0,0,0,0,NULL,NULL,NULL,NULL,NULL,NULL,NULL,NULL,NULL,NULL
1779,1238,11/16/19,2098,NULL,11,NULL,0.0052,1.9,NULL,20.93,NULL,0.6488,0,32.26,4,NULL,NULL,NULL,NULL,NULL,NULL,NULL,NULL,NULL,NULL
1780,1231,11/16/19,877,NULL,1,NULL,0.0011,1.29,NULL,1.29,NULL,0,0,0,0,NULL,NULL,NULL,NULL,NULL,NULL,NULL,NULL,NULL,NULL
1781,1232,11/16/19,5,NULL,0,NULL,0,0,NULL,0,NULL,0,0,0,0,NULL,NULL,NULL,NULL,NULL,NULL,NULL,NULL,NULL,NULL
1782,1250,11/16/19,75,NULL,1,NULL,0.0133,1.26,NULL,1.26,NULL,0,0,0,0,NULL,NULL,NULL,NULL,NULL,NULL,NULL,NULL,NULL,NULL
1783,1226,11/16/19,45,NULL,0,NULL,0,0,NULL,0,NULL,0,0,0,0,NULL,NULL,NULL,NULL,NULL,NULL,NULL,NULL,NULL,NULL
1784,1236,11/16/19,166,NULL,0,NULL,0,0,NULL,0,NULL,0,0,0,0,NULL,NULL,NULL,NULL,NULL,NULL,NULL,NULL,NULL,NULL
1785,1241,11/16/19,84,NULL,0,NULL,0,0,NULL,0,NULL,0,0,0,0,NULL,NULL,NULL,NULL,NULL,NULL,NULL,NULL,NULL,NULL
1786,1240,11/16/19,1728,NULL,5,NULL,0.0029,1.43,NULL,7.15,NULL,0.2502,0,28.58,3,NULL,NULL,NULL,NULL,NULL,NULL,NULL,NULL,NULL,NULL
1787,1239,11/16/19,41,NULL,0,NULL,0,0,NULL,0,NULL,0,0,14.39,1,NULL,NULL,NULL,NULL,NULL,NULL,NULL,NULL,NULL,NULL
1788,1243,11/16/19,9,NULL,0,NULL,0,0,NULL,0,NULL,0,0,18.84,1,NULL,NULL,NULL,NULL,NULL,NULL,NULL,NULL,NULL,NULL
1789,1235,11/16/19,96,NULL,2,NULL,0.0208,0.52,NULL,1.03,NULL,0.1085,0,9.49,1,NULL,NULL,NULL,NULL,NULL,NULL,NULL,NULL,NULL,NULL
1790,1223,11/16/19,41,NULL,0,NULL,0,0,NULL,0,NULL,0,0,0,0,NULL,NULL,NULL,NULL,NULL,NULL,NULL,NULL,NULL,NULL
1791,1245,11/16/19,475,NULL,1,NULL,0.0021,0.24,NULL,0.24,NULL,0,0,0,0,NULL,NULL,NULL,NULL,NULL,NULL,NULL,NULL,NULL,NULL
1792,1251,11/17/19,12,NULL,0,NULL,0,0,NULL,0,NULL,0,0,0,0,NULL,NULL,NULL,NULL,NULL,NULL,NULL,NULL,NULL,NULL
1793,1239,11/17/19,591,NULL,16,NULL,0.0271,1.01,NULL,16.09,NULL,0.1126,0,142.91,8,NULL,NULL,NULL,NULL,NULL,NULL,NULL,NULL,NULL,NULL
1794,1246,11/17/19,270,NULL,3,NULL,0.0111,1.13,NULL,3.38,NULL,0.0586,0,57.67,3,NULL,NULL,NULL,NULL,NULL,NULL,NULL,NULL,NULL,NULL
1795,1238,11/17/19,31039,NULL,65,NULL,0.0021,1.91,NULL,124.43,NULL,0.6291,0,197.79,18,NULL,NULL,NULL,NULL,NULL,NULL,NULL,NULL,NULL,NULL
1796,1226,11/17/19,458,NULL,2,NULL,0.0044,1.19,NULL,2.37,NULL,0,0,0,0,NULL,NULL,NULL,NULL,NULL,NULL,NULL,NULL,NULL,NULL
1797,1250,11/17/19,2058,NULL,2,NULL,0.001,3.12,NULL,6.23,NULL,0.2622,0,23.76,1,NULL,NULL,NULL,NULL,NULL,NULL,NULL,NULL,NULL,NULL
1798,1242,11/17/19,2682,NULL,4,NULL,0.0015,1.84,NULL,7.34,NULL,0,0,0,0,NULL,NULL,NULL,NULL,NULL,NULL,NULL,NULL,NULL,NULL
1799,1234,11/17/19,1835,NULL,0,NULL,0,0,NULL,0,NULL,0,0,0,0,NULL,NULL,NULL,NULL,NULL,NULL,NULL,NULL,NULL,NULL
1800,1252,11/17/19,249,NULL,0,NULL,0,0,NULL,0,NULL,0,0,0,0,NULL,NULL,NULL,NULL,NULL,NULL,NULL,NULL,NULL,NULL
1801,1248,11/17/19,10584,NULL,15,NULL,0.0014,1.67,NULL,24.99,NULL,0.7587,0,32.94,1,NULL,NULL,NULL,NULL,NULL,NULL,NULL,NULL,NULL,NULL
1802,1231,11/17/19,14605,NULL,36,NULL,0.0025,1.37,NULL,49.34,NULL,0.7136,0,69.14,7,NULL,NULL,NULL,NULL,NULL,NULL,NULL,NULL,NULL,NULL
1803,1241,11/17/19,2982,NULL,2,NULL,0.0007,2.17,NULL,4.33,NULL,0,0,0,0,NULL,NULL,NULL,NULL,NULL,NULL,NULL,NULL,NULL,NULL
1804,1232,11/17/19,205,NULL,0,NULL,0,0,NULL,0,NULL,0,0,0,0,NULL,NULL,NULL,NULL,NULL,NULL,NULL,NULL,NULL,NULL
1805,1245,11/17/19,11484,NULL,9,NULL,0.0008,1.17,NULL,10.51,NULL,0.3883,0,27.07,1,NULL,NULL,NULL,NULL,NULL,NULL,NULL,NULL,NULL,NULL
1806,1236,11/17/19,2617,NULL,4,NULL,0.0015,1.67,NULL,6.69,NULL,0,0,0,0,NULL,NULL,NULL,NULL,NULL,NULL,NULL,NULL,NULL,NULL
1807,1223,11/17/19,457,NULL,2,NULL,0.0044,0.49,NULL,0.97,NULL,0,0,0,0,NULL,NULL,NULL,NULL,NULL,NULL,NULL,NULL,NULL,NULL
1808,2042,11/17/19,26648,NULL,59,NULL,0.0022,1.06,NULL,62.79,NULL,0.3972,0,158.1,7,NULL,NULL,NULL,NULL,NULL,NULL,NULL,NULL,NULL,NULL
1809,1244,11/17/19,5,NULL,0,NULL,0,0,NULL,0,NULL,0,0,0,0,NULL,NULL,NULL,NULL,NULL,NULL,NULL,NULL,NULL,NULL
1810,1243,11/17/19,148,NULL,6,NULL,0.0405,0.81,NULL,4.84,NULL,0.0572,0,84.56,3,NULL,NULL,NULL,NULL,NULL,NULL,NULL,NULL,NULL,NULL
1811,1235,11/17/19,755,NULL,2,NULL,0.0027,1.13,NULL,2.25,NULL,0.0587,0,38.36,2,NULL,NULL,NULL,NULL,NULL,NULL,NULL,NULL,NULL,NULL
1812,1233,11/17/19,0,NULL,0,NULL,0,0,NULL,0,NULL,0,0,0,0,NULL,NULL,NULL,NULL,NULL,NULL,NULL,NULL,NULL,NULL
1813,1237,11/17/19,718,NULL,5,NULL,0.007,1.09,NULL,5.44,NULL,0.0712,0,76.45,4,NULL,NULL,NULL,NULL,NULL,NULL,NULL,NULL,NULL,NULL
1814,1230,11/17/19,470,NULL,0,NULL,0,0,NULL,0,NULL,0,0,0,0,NULL,NULL,NULL,NULL,NULL,NULL,NULL,NULL,NULL,NULL
1815,1232,11/18/19,176,NULL,0,NULL,0,0,NULL,0,NULL,0,0,0,0,NULL,NULL,NULL,NULL,NULL,NULL,NULL,NULL,NULL,NULL
1816,1231,11/18/19,14915,NULL,39,NULL,0.0026,1.29,NULL,50.37,NULL,3.0072,0,16.75,3,NULL,NULL,NULL,NULL,NULL,NULL,NULL,NULL,NULL,NULL
1817,1245,11/18/19,11462,NULL,9,NULL,0.0008,1.14,NULL,10.22,NULL,0.1888,0,54.14,2,NULL,NULL,NULL,NULL,NULL,NULL,NULL,NULL,NULL,NULL
1818,1234,11/18/19,1873,NULL,2,NULL,0.0011,1.14,NULL,2.28,NULL,0.6806,0,3.35,1,NULL,NULL,NULL,NULL,NULL,NULL,NULL,NULL,NULL,NULL
1819,1246,11/18/19,347,NULL,1,NULL,0.0029,1.29,NULL,1.29,NULL,0.0477,0,27.07,1,NULL,NULL,NULL,NULL,NULL,NULL,NULL,NULL,NULL,NULL
1820,1249,11/18/19,8,NULL,0,NULL,0,0,NULL,0,NULL,0,0,0,0,NULL,NULL,NULL,NULL,NULL,NULL,NULL,NULL,NULL,NULL
1821,1237,11/18/19,677,NULL,8,NULL,0.0118,1.07,NULL,8.57,NULL,0.0343,0,249.96,3,NULL,NULL,NULL,NULL,NULL,NULL,NULL,NULL,NULL,NULL
1822,1238,11/18/19,15687,NULL,57,NULL,0.0036,2.03,NULL,115.95,NULL,0.6499,0,178.4,15,NULL,NULL,NULL,NULL,NULL,NULL,NULL,NULL,NULL,NULL
1823,1226,11/18/19,447,NULL,1,NULL,0.0022,0.24,NULL,0.24,NULL,0,0,0,0,NULL,NULL,NULL,NULL,NULL,NULL,NULL,NULL,NULL,NULL
1824,1248,11/18/19,8271,NULL,25,NULL,0.003,2.06,NULL,51.56,NULL,0.5989,0,86.09,4,NULL,NULL,NULL,NULL,NULL,NULL,NULL,NULL,NULL,NULL
1825,1250,11/18/19,1570,NULL,0,NULL,0,0,NULL,0,NULL,0,0,0,0,NULL,NULL,NULL,NULL,NULL,NULL,NULL,NULL,NULL,NULL
1826,1252,11/18/19,208,NULL,0,NULL,0,0,NULL,0,NULL,0,0,0,0,NULL,NULL,NULL,NULL,NULL,NULL,NULL,NULL,NULL,NULL
1827,1242,11/18/19,3215,NULL,6,NULL,0.0019,3.93,NULL,23.6,NULL,0,0,0,0,NULL,NULL,NULL,NULL,NULL,NULL,NULL,NULL,NULL,NULL
1828,1233,11/18/19,22,NULL,0,NULL,0,0,NULL,0,NULL,0,0,0,0,NULL,NULL,NULL,NULL,NULL,NULL,NULL,NULL,NULL,NULL
1829,1235,11/18/19,1952,NULL,16,NULL,0.0082,1.88,NULL,30.01,NULL,0.6531,0,45.95,5,NULL,NULL,NULL,NULL,NULL,NULL,NULL,NULL,NULL,NULL
1830,1244,11/18/19,21,NULL,0,NULL,0,0,NULL,0,NULL,0,0,0,0,NULL,NULL,NULL,NULL,NULL,NULL,NULL,NULL,NULL,NULL
1831,1236,11/18/19,2659,NULL,4,NULL,0.0015,2.23,NULL,8.9,NULL,0,0,0,0,NULL,NULL,NULL,NULL,NULL,NULL,NULL,NULL,NULL,NULL
1832,2042,11/18/19,30316,NULL,59,NULL,0.002,1.15,NULL,67.74,NULL,0.865,0,78.31,10,NULL,NULL,NULL,NULL,NULL,NULL,NULL,NULL,NULL,NULL
1833,1223,11/18/19,326,NULL,0,NULL,0,0,NULL,0,NULL,0,0,0,0,NULL,NULL,NULL,NULL,NULL,NULL,NULL,NULL,NULL,NULL
1834,1239,11/18/19,728,NULL,12,NULL,0.0165,1.23,NULL,14.71,NULL,0.1266,0,116.19,8,NULL,NULL,NULL,NULL,NULL,NULL,NULL,NULL,NULL,NULL
1835,1230,11/18/19,341,NULL,0,NULL,0,0,NULL,0,NULL,0,0,0,0,NULL,NULL,NULL,NULL,NULL,NULL,NULL,NULL,NULL,NULL
1836,1251,11/18/19,7,NULL,0,NULL,0,0,NULL,0,NULL,0,0,0,0,NULL,NULL,NULL,NULL,NULL,NULL,NULL,NULL,NULL,NULL
1837,1243,11/18/19,136,NULL,3,NULL,0.0221,1.25,NULL,3.75,NULL,0.0797,0,47.06,2,NULL,NULL,NULL,NULL,NULL,NULL,NULL,NULL,NULL,NULL
1838,1241,11/18/19,2243,NULL,0,NULL,0,0,NULL,0,NULL,0,0,0,0,NULL,NULL,NULL,NULL,NULL,NULL,NULL,NULL,NULL,NULL
1839,1249,11/19/19,1,NULL,0,NULL,0,0,NULL,0,NULL,0,0,0,0,NULL,NULL,NULL,NULL,NULL,NULL,NULL,NULL,NULL,NULL
1840,1242,11/19/19,2670,NULL,2,NULL,0.0008,0.88,NULL,1.75,NULL,0,0,0,0,NULL,NULL,NULL,NULL,NULL,NULL,NULL,NULL,NULL,NULL
1841,1237,11/19/19,784,NULL,8,NULL,0.0102,1.5,NULL,11.99,NULL,0.0746,0,160.77,7,NULL,NULL,NULL,NULL,NULL,NULL,NULL,NULL,NULL,NULL
1842,1251,11/19/19,9,NULL,0,NULL,0,0,NULL,0,NULL,0,0,0,0,NULL,NULL,NULL,NULL,NULL,NULL,NULL,NULL,NULL,NULL
1843,1233,11/19/19,33,NULL,0,NULL,0,0,NULL,0,NULL,0,0,0,0,NULL,NULL,NULL,NULL,NULL,NULL,NULL,NULL,NULL,NULL
1844,1235,11/19/19,651,NULL,5,NULL,0.0077,1.38,NULL,6.91,NULL,0.3641,0,18.98,2,NULL,NULL,NULL,NULL,NULL,NULL,NULL,NULL,NULL,NULL
1845,1252,11/19/19,337,NULL,1,NULL,0.003,1.01,NULL,1.01,NULL,0,0,0,0,NULL,NULL,NULL,NULL,NULL,NULL,NULL,NULL,NULL,NULL
1846,1245,11/19/19,10970,NULL,9,NULL,0.0008,1,NULL,8.98,NULL,0.165,0,54.44,3,NULL,NULL,NULL,NULL,NULL,NULL,NULL,NULL,NULL,NULL
1847,2042,11/19/19,30445,NULL,58,NULL,0.0019,1.09,NULL,63.46,NULL,0.7379,0,86,10,NULL,NULL,NULL,NULL,NULL,NULL,NULL,NULL,NULL,NULL
1848,1229,11/19/19,0,NULL,0,NULL,0,0,NULL,0,NULL,0,0,0,0,NULL,NULL,NULL,NULL,NULL,NULL,NULL,NULL,NULL,NULL
1849,1223,11/19/19,347,NULL,3,NULL,0.0087,0.29,NULL,0.86,NULL,0,0,0,0,NULL,NULL,NULL,NULL,NULL,NULL,NULL,NULL,NULL,NULL
1850,1248,11/19/19,9182,NULL,14,NULL,0.0015,1.26,NULL,17.67,NULL,0.3379,0,52.3,2,NULL,NULL,NULL,NULL,NULL,NULL,NULL,NULL,NULL,NULL
1851,1231,11/19/19,14257,NULL,33,NULL,0.0023,1.18,NULL,38.78,NULL,1.1244,0,34.49,6,NULL,NULL,NULL,NULL,NULL,NULL,NULL,NULL,NULL,NULL
1852,1241,11/19/19,1582,NULL,0,NULL,0,0,NULL,0,NULL,0,0,0,0,NULL,NULL,NULL,NULL,NULL,NULL,NULL,NULL,NULL,NULL
1853,1243,11/19/19,93,NULL,1,NULL,0.0108,0.43,NULL,0.43,NULL,0.0302,0,14.22,1,NULL,NULL,NULL,NULL,NULL,NULL,NULL,NULL,NULL,NULL
1854,1232,11/19/19,143,NULL,1,NULL,0.007,4.57,NULL,4.57,NULL,0,0,0,0,NULL,NULL,NULL,NULL,NULL,NULL,NULL,NULL,NULL,NULL
1855,1244,11/19/19,62,NULL,0,NULL,0,0,NULL,0,NULL,0,0,0,0,NULL,NULL,NULL,NULL,NULL,NULL,NULL,NULL,NULL,NULL
1856,1236,11/19/19,2148,NULL,3,NULL,0.0014,1.19,NULL,3.56,NULL,0,0,0,0,NULL,NULL,NULL,NULL,NULL,NULL,NULL,NULL,NULL,NULL
1857,1239,11/19/19,885,NULL,17,NULL,0.0192,1.12,NULL,19.02,NULL,0.2121,0,89.69,7,NULL,NULL,NULL,NULL,NULL,NULL,NULL,NULL,NULL,NULL
1858,1230,11/19/19,340,NULL,0,NULL,0,0,NULL,0,NULL,0,0,0,0,NULL,NULL,NULL,NULL,NULL,NULL,NULL,NULL,NULL,NULL
1859,1250,11/19/19,1200,NULL,2,NULL,0.0017,2.02,NULL,4.03,NULL,0,0,0,0,NULL,NULL,NULL,NULL,NULL,NULL,NULL,NULL,NULL,NULL
1860,1238,11/19/19,17993,NULL,56,NULL,0.0031,2.2,NULL,123.27,NULL,0.6743,0,182.8,17,NULL,NULL,NULL,NULL,NULL,NULL,NULL,NULL,NULL,NULL
1861,1234,11/19/19,1733,NULL,3,NULL,0.0017,0.43,NULL,1.3,NULL,0,0,0,0,NULL,NULL,NULL,NULL,NULL,NULL,NULL,NULL,NULL,NULL
1862,1246,11/19/19,265,NULL,0,NULL,0,0,NULL,0,NULL,0,0,0,0,NULL,NULL,NULL,NULL,NULL,NULL,NULL,NULL,NULL,NULL
1863,1226,11/19/19,342,NULL,2,NULL,0.0059,0.88,NULL,1.75,NULL,0,0,0,0,NULL,NULL,NULL,NULL,NULL,NULL,NULL,NULL,NULL,NULL
1864,1245,11/20/19,9457,NULL,15,NULL,0.0016,1.08,NULL,16.17,NULL,0.6172,0,26.2,1,NULL,NULL,NULL,NULL,NULL,NULL,NULL,NULL,NULL,NULL
1865,1241,11/20/19,1770,NULL,1,NULL,0.0006,1.82,NULL,1.82,NULL,0,0,0,0,NULL,NULL,NULL,NULL,NULL,NULL,NULL,NULL,NULL,NULL
1866,1223,11/20/19,387,NULL,0,NULL,0,0,NULL,0,NULL,0,0,0,0,NULL,NULL,NULL,NULL,NULL,NULL,NULL,NULL,NULL,NULL
1867,1229,11/20/19,1,NULL,0,NULL,0,0,NULL,0,NULL,0,0,0,0,NULL,NULL,NULL,NULL,NULL,NULL,NULL,NULL,NULL,NULL
1868,2042,11/20/19,23917,NULL,45,NULL,0.0019,1,NULL,45.15,NULL,0.7671,0,58.86,8,NULL,NULL,NULL,NULL,NULL,NULL,NULL,NULL,NULL,NULL
1869,1234,11/20/19,1128,NULL,0,NULL,0,0,NULL,0,NULL,0,0,0,0,NULL,NULL,NULL,NULL,NULL,NULL,NULL,NULL,NULL,NULL
1870,1243,11/20/19,93,NULL,1,NULL,0.0108,1.17,NULL,1.17,NULL,0.0491,0,23.83,1,NULL,NULL,NULL,NULL,NULL,NULL,NULL,NULL,NULL,NULL
1871,1232,11/20/19,56,NULL,0,NULL,0,0,NULL,0,NULL,0,0,0,0,NULL,NULL,NULL,NULL,NULL,NULL,NULL,NULL,NULL,NULL
1872,1238,11/20/19,21998,NULL,39,NULL,0.0018,2.02,NULL,78.85,NULL,0.3854,0,204.58,12,NULL,NULL,NULL,NULL,NULL,NULL,NULL,NULL,NULL,NULL
1873,1236,11/20/19,2512,NULL,2,NULL,0.0008,2.02,NULL,4.04,NULL,0,0,0,0,NULL,NULL,NULL,NULL,NULL,NULL,NULL,NULL,NULL,NULL
1874,1226,11/20/19,368,NULL,1,NULL,0.0027,1.39,NULL,1.39,NULL,0,0,0,0,NULL,NULL,NULL,NULL,NULL,NULL,NULL,NULL,NULL,NULL
1875,1249,11/20/19,5,NULL,0,NULL,0,0,NULL,0,NULL,0,0,0,0,NULL,NULL,NULL,NULL,NULL,NULL,NULL,NULL,NULL,NULL
1876,1239,11/20/19,685,NULL,15,NULL,0.0219,1.08,NULL,16.16,NULL,0.1448,0,111.59,8,NULL,NULL,NULL,NULL,NULL,NULL,NULL,NULL,NULL,NULL
1877,1230,11/20/19,225,NULL,1,NULL,0.0044,0.46,NULL,0.46,NULL,0,0,0,0,NULL,NULL,NULL,NULL,NULL,NULL,NULL,NULL,NULL,NULL
1878,1250,11/20/19,1232,NULL,1,NULL,0.0008,4.66,NULL,4.66,NULL,0,0,0,0,NULL,NULL,NULL,NULL,NULL,NULL,NULL,NULL,NULL,NULL
1879,1242,11/20/19,2783,NULL,4,NULL,0.0014,3.33,NULL,13.33,NULL,0,0,0,0,NULL,NULL,NULL,NULL,NULL,NULL,NULL,NULL,NULL,NULL
1880,1237,11/20/19,601,NULL,8,NULL,0.0133,0.97,NULL,7.78,NULL,0.1085,0,71.7,3,NULL,NULL,NULL,NULL,NULL,NULL,NULL,NULL,NULL,NULL
1881,1246,11/20/19,173,NULL,2,NULL,0.0116,0.65,NULL,1.29,NULL,0.0477,0,27.07,1,NULL,NULL,NULL,NULL,NULL,NULL,NULL,NULL,NULL,NULL
1882,1252,11/20/19,777,NULL,0,NULL,0,0,NULL,0,NULL,0,0,0,0,NULL,NULL,NULL,NULL,NULL,NULL,NULL,NULL,NULL,NULL
1883,1248,11/20/19,8132,NULL,20,NULL,0.0025,1.9,NULL,38.01,NULL,0.562,0,67.63,4,NULL,NULL,NULL,NULL,NULL,NULL,NULL,NULL,NULL,NULL
1884,1235,11/20/19,489,NULL,5,NULL,0.0102,0.93,NULL,4.63,NULL,0.0834,0,55.54,3,NULL,NULL,NULL,NULL,NULL,NULL,NULL,NULL,NULL,NULL
1885,1233,11/20/19,67,NULL,0,NULL,0,0,NULL,0,NULL,0,0,0,0,NULL,NULL,NULL,NULL,NULL,NULL,NULL,NULL,NULL,NULL
1886,1244,11/20/19,75,NULL,0,NULL,0,0,NULL,0,NULL,0,0,0,0,NULL,NULL,NULL,NULL,NULL,NULL,NULL,NULL,NULL,NULL
1887,1231,11/20/19,17477,NULL,34,NULL,0.002,1.41,NULL,47.82,NULL,0.8026,0,59.58,11,NULL,NULL,NULL,NULL,NULL,NULL,NULL,NULL,NULL,NULL
1888,1251,11/20/19,12,NULL,0,NULL,0,0,NULL,0,NULL,0,0,0,0,NULL,NULL,NULL,NULL,NULL,NULL,NULL,NULL,NULL,NULL
1889,1245,11/21/19,9239,NULL,13,NULL,0.0014,1.08,NULL,13.99,NULL,0.1888,0,74.12,2,NULL,NULL,NULL,NULL,NULL,NULL,NULL,NULL,NULL,NULL
1890,1236,11/21/19,1956,NULL,5,NULL,0.0026,2.03,NULL,10.16,NULL,0,0,0,0,NULL,NULL,NULL,NULL,NULL,NULL,NULL,NULL,NULL,NULL
1891,1251,11/21/19,10,NULL,0,NULL,0,0,NULL,0,NULL,0,0,0,0,NULL,NULL,NULL,NULL,NULL,NULL,NULL,NULL,NULL,NULL
1892,1223,11/21/19,269,NULL,0,NULL,0,0,NULL,0,NULL,0,0,0,0,NULL,NULL,NULL,NULL,NULL,NULL,NULL,NULL,NULL,NULL
1893,2042,11/21/19,24604,NULL,50,NULL,0.002,1.07,NULL,53.37,NULL,1.4772,0,36.13,6,NULL,NULL,NULL,NULL,NULL,NULL,NULL,NULL,NULL,NULL
1894,1242,11/21/19,2743,NULL,4,NULL,0.0015,0.95,NULL,3.78,NULL,0,0,0,0,NULL,NULL,NULL,NULL,NULL,NULL,NULL,NULL,NULL,NULL
1895,1241,11/21/19,1749,NULL,0,NULL,0,0,NULL,0,NULL,0,0,0,0,NULL,NULL,NULL,NULL,NULL,NULL,NULL,NULL,NULL,NULL
1896,1226,11/21/19,355,NULL,0,NULL,0,0,NULL,0,NULL,0,0,0,0,NULL,NULL,NULL,NULL,NULL,NULL,NULL,NULL,NULL,NULL
1897,1248,11/21/19,7095,NULL,15,NULL,0.0021,1.47,NULL,21.98,NULL,0.5671,0,38.76,2,NULL,NULL,NULL,NULL,NULL,NULL,NULL,NULL,NULL,NULL
1898,1235,11/21/19,464,NULL,7,NULL,0.0151,1.18,NULL,8.29,NULL,0,0,0,0,NULL,NULL,NULL,NULL,NULL,NULL,NULL,NULL,NULL,NULL
1899,1238,11/21/19,13406,NULL,34,NULL,0.0025,2.31,NULL,78.39,NULL,0.7402,0,105.91,9,NULL,NULL,NULL,NULL,NULL,NULL,NULL,NULL,NULL,NULL
1900,1237,11/21/19,636,NULL,9,NULL,0.0142,1.11,NULL,10.01,NULL,0.0807,0,124.02,5,NULL,NULL,NULL,NULL,NULL,NULL,NULL,NULL,NULL,NULL
1901,1250,11/21/19,1017,NULL,0,NULL,0,0,NULL,0,NULL,0,0,0,0,NULL,NULL,NULL,NULL,NULL,NULL,NULL,NULL,NULL,NULL
1902,1246,11/21/19,190,NULL,0,NULL,0,0,NULL,0,NULL,0,0,0,0,NULL,NULL,NULL,NULL,NULL,NULL,NULL,NULL,NULL,NULL
1903,1243,11/21/19,111,NULL,3,NULL,0.027,0.8,NULL,2.4,NULL,0.0278,0,86.29,4,NULL,NULL,NULL,NULL,NULL,NULL,NULL,NULL,NULL,NULL
1904,1252,11/21/19,167,NULL,2,NULL,0.012,0.67,NULL,1.34,NULL,0,0,0,0,NULL,NULL,NULL,NULL,NULL,NULL,NULL,NULL,NULL,NULL
1905,1232,11/21/19,71,NULL,0,NULL,0,0,NULL,0,NULL,0,0,0,0,NULL,NULL,NULL,NULL,NULL,NULL,NULL,NULL,NULL,NULL
1906,1231,11/21/19,11464,NULL,31,NULL,0.0027,1.39,NULL,43.19,NULL,1.387,0,31.14,6,NULL,NULL,NULL,NULL,NULL,NULL,NULL,NULL,NULL,NULL
1907,1249,11/21/19,15,NULL,0,NULL,0,0,NULL,0,NULL,0,0,0,0,NULL,NULL,NULL,NULL,NULL,NULL,NULL,NULL,NULL,NULL
1908,1234,11/21/19,1318,NULL,2,NULL,0.0015,0.73,NULL,1.45,NULL,0,0,0,0,NULL,NULL,NULL,NULL,NULL,NULL,NULL,NULL,NULL,NULL
1909,1233,11/21/19,94,NULL,0,NULL,0,0,NULL,0,NULL,0,0,0,0,NULL,NULL,NULL,NULL,NULL,NULL,NULL,NULL,NULL,NULL
1910,1244,11/21/19,115,NULL,0,NULL,0,0,NULL,0,NULL,0,0,0,0,NULL,NULL,NULL,NULL,NULL,NULL,NULL,NULL,NULL,NULL
1911,1239,11/21/19,759,NULL,11,NULL,0.0145,1.14,NULL,12.59,NULL,0.2916,0,43.17,3,NULL,NULL,NULL,NULL,NULL,NULL,NULL,NULL,NULL,NULL
1912,1230,11/21/19,159,NULL,0,NULL,0,0,NULL,0,NULL,0,0,0,0,NULL,NULL,NULL,NULL,NULL,NULL,NULL,NULL,NULL,NULL
1913,1252,11/22/19,309,NULL,1,NULL,0.0032,0.84,NULL,0.84,NULL,0,0,0,0,NULL,NULL,NULL,NULL,NULL,NULL,NULL,NULL,NULL,NULL
1914,1248,11/22/19,7375,NULL,20,NULL,0.0027,1.75,NULL,34.97,NULL,1.8063,0,19.36,1,NULL,NULL,NULL,NULL,NULL,NULL,NULL,NULL,NULL,NULL
1915,1250,11/22/19,893,NULL,0,NULL,0,0,NULL,0,NULL,0,0,0,0,NULL,NULL,NULL,NULL,NULL,NULL,NULL,NULL,NULL,NULL
1916,1238,11/22/19,8269,NULL,28,NULL,0.0034,1.98,NULL,55.36,NULL,1.326,0,41.75,5,NULL,NULL,NULL,NULL,NULL,NULL,NULL,NULL,NULL,NULL
1917,1226,11/22/19,275,NULL,3,NULL,0.0109,0.61,NULL,1.83,NULL,0,0,0,0,NULL,NULL,NULL,NULL,NULL,NULL,NULL,NULL,NULL,NULL
1918,1234,11/22/19,991,NULL,0,NULL,0,0,NULL,0,NULL,0,0,0,0,NULL,NULL,NULL,NULL,NULL,NULL,NULL,NULL,NULL,NULL
1919,1249,11/22/19,1,NULL,0,NULL,0,0,NULL,0,NULL,0,0,0,0,NULL,NULL,NULL,NULL,NULL,NULL,NULL,NULL,NULL,NULL
1920,1242,11/22/19,1977,NULL,3,NULL,0.0015,1.36,NULL,4.09,NULL,0,0,0,0,NULL,NULL,NULL,NULL,NULL,NULL,NULL,NULL,NULL,NULL
1921,1235,11/22/19,771,NULL,6,NULL,0.0078,1.91,NULL,11.46,NULL,0.2745,0,41.75,5,NULL,NULL,NULL,NULL,NULL,NULL,NULL,NULL,NULL,NULL
1922,1233,11/22/19,47,NULL,0,NULL,0,0,NULL,0,NULL,0,0,0,0,NULL,NULL,NULL,NULL,NULL,NULL,NULL,NULL,NULL,NULL
1923,1244,11/22/19,84,NULL,0,NULL,0,0,NULL,0,NULL,0,0,0,0,NULL,NULL,NULL,NULL,NULL,NULL,NULL,NULL,NULL,NULL
1924,1223,11/22/19,329,NULL,1,NULL,0.003,0.48,NULL,0.48,NULL,0.0248,0,19.36,1,NULL,NULL,NULL,NULL,NULL,NULL,NULL,NULL,NULL,NULL
1925,1229,11/22/19,1,NULL,0,NULL,0,0,NULL,0,NULL,0,0,0,0,NULL,NULL,NULL,NULL,NULL,NULL,NULL,NULL,NULL,NULL
1926,2042,11/22/19,16315,NULL,41,NULL,0.0025,1.03,NULL,42.33,NULL,0.2533,0,167.09,11,NULL,NULL,NULL,NULL,NULL,NULL,NULL,NULL,NULL,NULL
1927,1236,11/22/19,2161,NULL,0,NULL,0,0,NULL,0,NULL,0,0,0,0,NULL,NULL,NULL,NULL,NULL,NULL,NULL,NULL,NULL,NULL
1928,1230,11/22/19,131,NULL,2,NULL,0.0153,0.32,NULL,0.63,NULL,0.0474,0,13.28,2,NULL,NULL,NULL,NULL,NULL,NULL,NULL,NULL,NULL,NULL
1929,1239,11/22/19,830,NULL,9,NULL,0.0108,1.15,NULL,10.36,NULL,0.1025,0,101.05,7,NULL,NULL,NULL,NULL,NULL,NULL,NULL,NULL,NULL,NULL
1930,1241,11/22/19,1851,NULL,2,NULL,0.0011,1.39,NULL,2.78,NULL,0.3479,0,7.99,1,NULL,NULL,NULL,NULL,NULL,NULL,NULL,NULL,NULL,NULL
1931,1251,11/22/19,17,NULL,0,NULL,0,0,NULL,0,NULL,0,0,0,0,NULL,NULL,NULL,NULL,NULL,NULL,NULL,NULL,NULL,NULL
1932,1245,11/22/19,8005,NULL,8,NULL,0.001,1.21,NULL,9.64,NULL,0,0,0,0,NULL,NULL,NULL,NULL,NULL,NULL,NULL,NULL,NULL,NULL
1933,1231,11/22/19,12884,NULL,29,NULL,0.0023,1.25,NULL,36.11,NULL,1.5399,0,23.45,6,NULL,NULL,NULL,NULL,NULL,NULL,NULL,NULL,NULL,NULL
1934,1243,11/22/19,36,NULL,2,NULL,0.0556,0.53,NULL,1.06,NULL,0.0457,0,23.21,1,NULL,NULL,NULL,NULL,NULL,NULL,NULL,NULL,NULL,NULL
1935,1232,11/22/19,40,NULL,0,NULL,0,0,NULL,0,NULL,0,0,0,0,NULL,NULL,NULL,NULL,NULL,NULL,NULL,NULL,NULL,NULL
1936,1246,11/22/19,188,NULL,1,NULL,0.0053,0.37,NULL,0.37,NULL,0,0,0,0,NULL,NULL,NULL,NULL,NULL,NULL,NULL,NULL,NULL,NULL
1937,1237,11/22/19,707,NULL,6,NULL,0.0085,1.12,NULL,6.73,NULL,0.0503,0,133.83,7,NULL,NULL,NULL,NULL,NULL,NULL,NULL,NULL,NULL,NULL
1938,1251,11/23/19,4,NULL,0,NULL,0,0,NULL,0,NULL,0,0,0,0,NULL,NULL,NULL,NULL,NULL,NULL,NULL,NULL,NULL,NULL
1939,1241,11/23/19,1627,NULL,1,NULL,0.0006,1.96,NULL,1.96,NULL,0,0,0,0,NULL,NULL,NULL,NULL,NULL,NULL,NULL,NULL,NULL,NULL
1940,1239,11/23/19,462,NULL,9,NULL,0.0195,1.3,NULL,11.68,NULL,0.1271,0,91.93,9,NULL,NULL,NULL,NULL,NULL,NULL,NULL,NULL,NULL,NULL
1941,1230,11/23/19,68,NULL,0,NULL,0,0,NULL,0,NULL,0,0,18.98,1,NULL,NULL,NULL,NULL,NULL,NULL,NULL,NULL,NULL,NULL
1942,1223,11/23/19,214,NULL,0,NULL,0,0,NULL,0,NULL,0,0,0,0,NULL,NULL,NULL,NULL,NULL,NULL,NULL,NULL,NULL,NULL
1943,1248,11/23/19,4796,NULL,9,NULL,0.0019,1.69,NULL,15.17,NULL,0.2612,0,58.08,3,NULL,NULL,NULL,NULL,NULL,NULL,NULL,NULL,NULL,NULL
1944,1252,11/23/19,155,NULL,1,NULL,0.0065,2.33,NULL,2.33,NULL,0.6148,0,3.79,1,NULL,NULL,NULL,NULL,NULL,NULL,NULL,NULL,NULL,NULL
1945,1229,11/23/19,1,NULL,0,NULL,0,0,NULL,0,NULL,0,0,0,0,NULL,NULL,NULL,NULL,NULL,NULL,NULL,NULL,NULL,NULL
1946,2042,11/23/19,10384,NULL,19,NULL,0.0018,1.15,NULL,21.94,NULL,0.2541,0,86.33,5,NULL,NULL,NULL,NULL,NULL,NULL,NULL,NULL,NULL,NULL
1947,1236,11/23/19,2474,NULL,1,NULL,0.0004,1.82,NULL,1.82,NULL,0,0,0,0,NULL,NULL,NULL,NULL,NULL,NULL,NULL,NULL,NULL,NULL
1948,1244,11/23/19,19,NULL,0,NULL,0,0,NULL,0,NULL,0,0,0,0,NULL,NULL,NULL,NULL,NULL,NULL,NULL,NULL,NULL,NULL
1949,1233,11/23/19,17,NULL,0,NULL,0,0,NULL,0,NULL,0,0,0,0,NULL,NULL,NULL,NULL,NULL,NULL,NULL,NULL,NULL,NULL
1950,1235,11/23/19,307,NULL,1,NULL,0.0033,2.25,NULL,2.25,NULL,0,0,0,0,NULL,NULL,NULL,NULL,NULL,NULL,NULL,NULL,NULL,NULL
1951,1242,11/23/19,1309,NULL,2,NULL,0.0015,3.42,NULL,6.84,NULL,0,0,0,0,NULL,NULL,NULL,NULL,NULL,NULL,NULL,NULL,NULL,NULL
1952,1238,11/23/19,7130,NULL,23,NULL,0.0032,3.35,NULL,77.09,NULL,0.8254,0,93.4,9,NULL,NULL,NULL,NULL,NULL,NULL,NULL,NULL,NULL,NULL
1953,1226,11/23/19,224,NULL,0,NULL,0,0,NULL,0,NULL,0,0,0,0,NULL,NULL,NULL,NULL,NULL,NULL,NULL,NULL,NULL,NULL
1954,1249,11/23/19,2,NULL,0,NULL,0,0,NULL,0,NULL,0,0,0,0,NULL,NULL,NULL,NULL,NULL,NULL,NULL,NULL,NULL,NULL
1955,1246,11/23/19,138,NULL,2,NULL,0.0145,0.55,NULL,1.1,NULL,0.0318,0,34.65,3,NULL,NULL,NULL,NULL,NULL,NULL,NULL,NULL,NULL,NULL
1956,1237,11/23/19,451,NULL,6,NULL,0.0133,0.91,NULL,5.43,NULL,0.0401,0,135.45,6,NULL,NULL,NULL,NULL,NULL,NULL,NULL,NULL,NULL,NULL
1957,1234,11/23/19,775,NULL,2,NULL,0.0026,1.46,NULL,2.91,NULL,0,0,0,0,NULL,NULL,NULL,NULL,NULL,NULL,NULL,NULL,NULL,NULL
1958,1250,11/23/19,1398,NULL,2,NULL,0.0014,1.79,NULL,3.57,NULL,0,0,0,0,NULL,NULL,NULL,NULL,NULL,NULL,NULL,NULL,NULL,NULL
1959,1231,11/23/19,9914,NULL,24,NULL,0.0024,1.43,NULL,34.24,NULL,0.8285,0,41.33,5,NULL,NULL,NULL,NULL,NULL,NULL,NULL,NULL,NULL,NULL
1960,1245,11/23/19,6317,NULL,11,NULL,0.0017,0.81,NULL,8.92,NULL,0.2982,0,29.91,2,NULL,NULL,NULL,NULL,NULL,NULL,NULL,NULL,NULL,NULL
1961,1232,11/23/19,49,NULL,0,NULL,0,0,NULL,0,NULL,0,0,0,0,NULL,NULL,NULL,NULL,NULL,NULL,NULL,NULL,NULL,NULL
1962,1243,11/23/19,50,NULL,2,NULL,0.04,0.95,NULL,1.89,NULL,0,0,0,0,NULL,NULL,NULL,NULL,NULL,NULL,NULL,NULL,NULL,NULL
1963,1223,11/24/19,315,NULL,0,NULL,0,0,NULL,0,NULL,0,0,0,0,NULL,NULL,NULL,NULL,NULL,NULL,NULL,NULL,NULL,NULL
1964,1246,11/24/19,192,NULL,5,NULL,0.026,0.37,NULL,1.84,NULL,0.0769,0,23.92,1,NULL,NULL,NULL,NULL,NULL,NULL,NULL,NULL,NULL,NULL
1965,1226,11/24/19,439,NULL,2,NULL,0.0046,1.35,NULL,2.7,NULL,0,0,0,0,NULL,NULL,NULL,NULL,NULL,NULL,NULL,NULL,NULL,NULL
1966,1238,11/24/19,8633,NULL,32,NULL,0.0037,2.09,NULL,66.95,NULL,0.5188,0,129.05,13,NULL,NULL,NULL,NULL,NULL,NULL,NULL,NULL,NULL,NULL
1967,1239,11/24/19,642,NULL,15,NULL,0.0234,0.86,NULL,12.88,NULL,0.1266,0,101.74,8,NULL,NULL,NULL,NULL,NULL,NULL,NULL,NULL,NULL,NULL
1968,1242,11/24/19,2949,NULL,9,NULL,0.0031,1.96,NULL,17.67,NULL,0.7387,0,23.92,1,NULL,NULL,NULL,NULL,NULL,NULL,NULL,NULL,NULL,NULL
1969,1236,11/24/19,3243,NULL,2,NULL,0.0006,1.33,NULL,2.65,NULL,0.0831,0,31.91,2,NULL,NULL,NULL,NULL,NULL,NULL,NULL,NULL,NULL,NULL
1970,1233,11/24/19,16,NULL,0,NULL,0,0,NULL,0,NULL,0,0,0,0,NULL,NULL,NULL,NULL,NULL,NULL,NULL,NULL,NULL,NULL
1971,1231,11/24/19,17186,NULL,33,NULL,0.0019,1.23,NULL,40.72,NULL,1.0761,0,37.84,7,NULL,NULL,NULL,NULL,NULL,NULL,NULL,NULL,NULL,NULL
1972,1232,11/24/19,69,NULL,0,NULL,0,0,NULL,0,NULL,0,0,0,0,NULL,NULL,NULL,NULL,NULL,NULL,NULL,NULL,NULL,NULL
1973,1249,11/24/19,3,NULL,0,NULL,0,0,NULL,0,NULL,0,0,0,0,NULL,NULL,NULL,NULL,NULL,NULL,NULL,NULL,NULL,NULL
1974,1235,11/24/19,544,NULL,8,NULL,0.0147,1.66,NULL,13.28,NULL,0.289,0,45.95,5,NULL,NULL,NULL,NULL,NULL,NULL,NULL,NULL,NULL,NULL
1975,1250,11/24/19,2410,NULL,4,NULL,0.0017,1.92,NULL,7.67,NULL,0,0,0,0,NULL,NULL,NULL,NULL,NULL,NULL,NULL,NULL,NULL,NULL
1976,1237,11/24/19,619,NULL,6,NULL,0.0097,1.4,NULL,8.42,NULL,0.0783,0,107.53,4,NULL,NULL,NULL,NULL,NULL,NULL,NULL,NULL,NULL,NULL
1977,1230,11/24/19,155,NULL,0,NULL,0,0,NULL,0,NULL,0,0,0,0,NULL,NULL,NULL,NULL,NULL,NULL,NULL,NULL,NULL,NULL
1978,1234,11/24/19,1055,NULL,3,NULL,0.0028,0.66,NULL,1.97,NULL,0.1369,0,14.39,1,NULL,NULL,NULL,NULL,NULL,NULL,NULL,NULL,NULL,NULL
1979,1244,11/24/19,30,NULL,1,NULL,0.0333,1.31,NULL,1.31,NULL,0,0,0,0,NULL,NULL,NULL,NULL,NULL,NULL,NULL,NULL,NULL,NULL
1980,1243,11/24/19,39,NULL,2,NULL,0.0513,1.11,NULL,2.22,NULL,0.0434,0,51.1,2,NULL,NULL,NULL,NULL,NULL,NULL,NULL,NULL,NULL,NULL
1981,1245,11/24/19,9422,NULL,10,NULL,0.0011,1.03,NULL,10.31,NULL,0.431,0,23.92,1,NULL,NULL,NULL,NULL,NULL,NULL,NULL,NULL,NULL,NULL
1982,1248,11/24/19,9654,NULL,20,NULL,0.0021,1.48,NULL,29.52,NULL,0.8962,0,32.94,1,NULL,NULL,NULL,NULL,NULL,NULL,NULL,NULL,NULL,NULL
1983,1251,11/24/19,7,NULL,0,NULL,0,0,NULL,0,NULL,0,0,0,0,NULL,NULL,NULL,NULL,NULL,NULL,NULL,NULL,NULL,NULL
1984,1252,11/24/19,238,NULL,1,NULL,0.0042,0.97,NULL,0.97,NULL,0.1214,0,7.99,1,NULL,NULL,NULL,NULL,NULL,NULL,NULL,NULL,NULL,NULL
1985,1241,11/24/19,2080,NULL,2,NULL,0.001,2.38,NULL,4.75,NULL,0.5945,0,7.99,1,NULL,NULL,NULL,NULL,NULL,NULL,NULL,NULL,NULL,NULL
1986,2042,11/24/19,14840,NULL,22,NULL,0.0015,1.18,NULL,25.94,NULL,0.7184,0,36.11,6,NULL,NULL,NULL,NULL,NULL,NULL,NULL,NULL,NULL,NULL
1987,1223,11/25/19,317,NULL,0,NULL,0,0,NULL,0,NULL,0,0,0,0,NULL,NULL,NULL,NULL,NULL,NULL,NULL,NULL,NULL,NULL
1988,1248,11/25/19,7323,NULL,15,NULL,0.0021,1.4,NULL,20.95,NULL,0.5411,0,38.72,2,NULL,NULL,NULL,NULL,NULL,NULL,NULL,NULL,NULL,NULL
1989,1242,11/25/19,2150,NULL,2,NULL,0.0009,1.77,NULL,3.53,NULL,0,0,0,0,NULL,NULL,NULL,NULL,NULL,NULL,NULL,NULL,NULL,NULL
1990,1231,11/25/19,12597,NULL,21,NULL,0.0017,1.29,NULL,27.15,NULL,8.1045,0,3.35,1,NULL,NULL,NULL,NULL,NULL,NULL,NULL,NULL,NULL,NULL
1991,1246,11/25/19,238,NULL,1,NULL,0.0042,0.39,NULL,0.39,NULL,0.0163,0,23.92,1,NULL,NULL,NULL,NULL,NULL,NULL,NULL,NULL,NULL,NULL
1992,1232,11/25/19,58,NULL,0,NULL,0,0,NULL,0,NULL,0,0,0,0,NULL,NULL,NULL,NULL,NULL,NULL,NULL,NULL,NULL,NULL
1993,1235,11/25/19,375,NULL,4,NULL,0.0107,1.26,NULL,5.04,NULL,0.332,0,15.18,2,NULL,NULL,NULL,NULL,NULL,NULL,NULL,NULL,NULL,NULL
1994,1234,11/25/19,889,NULL,0,NULL,0,0,NULL,0,NULL,0,0,0,0,NULL,NULL,NULL,NULL,NULL,NULL,NULL,NULL,NULL,NULL
1995,1243,11/25/19,70,NULL,5,NULL,0.0714,0.57,NULL,2.83,NULL,0.0601,0,47.08,2,NULL,NULL,NULL,NULL,NULL,NULL,NULL,NULL,NULL,NULL
1996,1245,11/25/19,7480,NULL,5,NULL,0.0007,0.86,NULL,4.29,NULL,0,0,0,0,NULL,NULL,NULL,NULL,NULL,NULL,NULL,NULL,NULL,NULL
1997,1236,11/25/19,1733,NULL,2,NULL,0.0012,2.16,NULL,4.32,NULL,0.675,0,6.4,1,NULL,NULL,NULL,NULL,NULL,NULL,NULL,NULL,NULL,NULL
1998,1252,11/25/19,158,NULL,0,NULL,0,0,NULL,0,NULL,0,0,0,0,NULL,NULL,NULL,NULL,NULL,NULL,NULL,NULL,NULL,NULL
1999,2042,11/25/19,13817,NULL,32,NULL,0.0023,0.89,NULL,28.36,NULL,1.3447,0,21.09,3,NULL,NULL,NULL,NULL,NULL,NULL,NULL,NULL,NULL,NULL
2000,1226,11/25/19,242,NULL,1,NULL,0.0041,1.5,NULL,1.5,NULL,0,0,0,0,NULL,NULL,NULL,NULL,NULL,NULL,NULL,NULL,NULL,NULL
2001,1238,11/25/19,7020,NULL,34,NULL,0.0048,2.61,NULL,88.88,NULL,0.4879,0,182.16,15,NULL,NULL,NULL,NULL,NULL,NULL,NULL,NULL,NULL,NULL
2002,1239,11/25/19,590,NULL,7,NULL,0.0119,0.81,NULL,5.67,NULL,0.394,0,14.39,1,NULL,NULL,NULL,NULL,NULL,NULL,NULL,NULL,NULL,NULL
2003,1250,11/25/19,2160,NULL,2,NULL,0.0009,2.93,NULL,5.85,NULL,0,0,0,0,NULL,NULL,NULL,NULL,NULL,NULL,NULL,NULL,NULL,NULL
2004,1241,11/25/19,1908,NULL,2,NULL,0.0011,1.19,NULL,2.38,NULL,0,0,0,0,NULL,NULL,NULL,NULL,NULL,NULL,NULL,NULL,NULL,NULL
2005,1230,11/25/19,180,NULL,1,NULL,0.0056,0.49,NULL,0.49,NULL,0,0,0,0,NULL,NULL,NULL,NULL,NULL,NULL,NULL,NULL,NULL,NULL
2006,1251,11/25/19,11,NULL,0,NULL,0,0,NULL,0,NULL,0,0,0,0,NULL,NULL,NULL,NULL,NULL,NULL,NULL,NULL,NULL,NULL
2007,1237,11/25/19,561,NULL,10,NULL,0.0178,1.07,NULL,10.68,NULL,0.035,0,305.11,7,NULL,NULL,NULL,NULL,NULL,NULL,NULL,NULL,NULL,NULL
2008,1241,11/26/19,2201,NULL,2,NULL,0.0009,1.81,NULL,3.61,NULL,0.5641,0,6.4,1,NULL,NULL,NULL,NULL,NULL,NULL,NULL,NULL,NULL,NULL
2009,1246,11/26/19,180,NULL,2,NULL,0.0111,1.3,NULL,2.6,NULL,0,0,0,0,NULL,NULL,NULL,NULL,NULL,NULL,NULL,NULL,NULL,NULL
2010,1251,11/26/19,7,NULL,0,NULL,0,0,NULL,0,NULL,0,0,0,0,NULL,NULL,NULL,NULL,NULL,NULL,NULL,NULL,NULL,NULL
2011,1235,11/26/19,315,NULL,2,NULL,0.0064,2.06,NULL,4.12,NULL,0.5428,0,7.59,1,NULL,NULL,NULL,NULL,NULL,NULL,NULL,NULL,NULL,NULL
2012,1234,11/26/19,796,NULL,0,NULL,0,0,NULL,0,NULL,0,0,0,0,NULL,NULL,NULL,NULL,NULL,NULL,NULL,NULL,NULL,NULL
2013,1238,11/26/19,6855,NULL,44,NULL,0.0064,1.95,NULL,85.95,NULL,0.6121,0,140.41,14,NULL,NULL,NULL,NULL,NULL,NULL,NULL,NULL,NULL,NULL
2014,1239,11/26/19,572,NULL,7,NULL,0.0122,1.03,NULL,7.19,NULL,0.4053,0,17.74,2,NULL,NULL,NULL,NULL,NULL,NULL,NULL,NULL,NULL,NULL
2015,1226,11/26/19,214,NULL,0,NULL,0,0,NULL,0,NULL,0,0,0,0,NULL,NULL,NULL,NULL,NULL,NULL,NULL,NULL,NULL,NULL
2016,1223,11/26/19,290,NULL,0,NULL,0,0,NULL,0,NULL,0,0,0,0,NULL,NULL,NULL,NULL,NULL,NULL,NULL,NULL,NULL,NULL
2017,1230,11/26/19,110,NULL,0,NULL,0,0,NULL,0,NULL,0,0,0,0,NULL,NULL,NULL,NULL,NULL,NULL,NULL,NULL,NULL,NULL
2018,1237,11/26/19,513,NULL,9,NULL,0.0175,1.01,NULL,9.09,NULL,0.1255,0,72.41,4,NULL,NULL,NULL,NULL,NULL,NULL,NULL,NULL,NULL,NULL
2019,1250,11/26/19,1579,NULL,0,NULL,0,0,NULL,0,NULL,0,0,0,0,NULL,NULL,NULL,NULL,NULL,NULL,NULL,NULL,NULL,NULL
2020,2042,11/26/19,13224,NULL,15,NULL,0.0011,1.09,NULL,16.29,NULL,0.3733,0,43.64,5,NULL,NULL,NULL,NULL,NULL,NULL,NULL,NULL,NULL,NULL
2021,1252,11/26/19,165,NULL,0,NULL,0,0,NULL,0,NULL,0,0,0,0,NULL,NULL,NULL,NULL,NULL,NULL,NULL,NULL,NULL,NULL
2022,1245,11/26/19,6255,NULL,7,NULL,0.0011,1.14,NULL,7.96,NULL,0,0,0,0,NULL,NULL,NULL,NULL,NULL,NULL,NULL,NULL,NULL,NULL
2023,1236,11/26/19,2603,NULL,4,NULL,0.0015,1.63,NULL,6.5,NULL,0.5078,0,12.8,2,NULL,NULL,NULL,NULL,NULL,NULL,NULL,NULL,NULL,NULL
2024,1243,11/26/19,45,NULL,2,NULL,0.0444,0.54,NULL,1.07,NULL,0.0448,0,23.87,1,NULL,NULL,NULL,NULL,NULL,NULL,NULL,NULL,NULL,NULL
2025,1232,11/26/19,52,NULL,0,NULL,0,0,NULL,0,NULL,0,0,0,0,NULL,NULL,NULL,NULL,NULL,NULL,NULL,NULL,NULL,NULL
2026,1231,11/26/19,11385,NULL,20,NULL,0.0018,1.36,NULL,27.17,NULL,0.5559,0,48.88,8,NULL,NULL,NULL,NULL,NULL,NULL,NULL,NULL,NULL,NULL
2027,1242,11/26/19,1905,NULL,5,NULL,0.0026,5.39,NULL,26.96,NULL,0,0,0,0,NULL,NULL,NULL,NULL,NULL,NULL,NULL,NULL,NULL,NULL
2028,1248,11/26/19,6315,NULL,19,NULL,0.003,1.51,NULL,28.64,NULL,0.2468,0,116.04,6,NULL,NULL,NULL,NULL,NULL,NULL,NULL,NULL,NULL,NULL
2029,1234,11/27/19,1219,NULL,3,NULL,0.0025,0.49,NULL,1.48,NULL,0,0,0,0,NULL,NULL,NULL,NULL,NULL,NULL,NULL,NULL,NULL,NULL
2030,1245,11/27/19,5121,NULL,5,NULL,0.001,1.41,NULL,7.07,NULL,0,0,0,0,NULL,NULL,NULL,NULL,NULL,NULL,NULL,NULL,NULL,NULL
2031,1235,11/27/19,719,NULL,4,NULL,0.0056,1.51,NULL,6.02,NULL,0.1983,0,30.36,1,NULL,NULL,NULL,NULL,NULL,NULL,NULL,NULL,NULL,NULL
2032,1236,11/27/19,1309,NULL,2,NULL,0.0015,0.61,NULL,1.21,NULL,0,0,0,0,NULL,NULL,NULL,NULL,NULL,NULL,NULL,NULL,NULL,NULL
2033,1252,11/27/19,133,NULL,4,NULL,0.0301,1.52,NULL,6.07,NULL,0.2169,0,27.98,2,NULL,NULL,NULL,NULL,NULL,NULL,NULL,NULL,NULL,NULL
2034,2042,11/27/19,9740,NULL,13,NULL,0.0013,0.92,NULL,11.9,NULL,0,0,0,0,NULL,NULL,NULL,NULL,NULL,NULL,NULL,NULL,NULL,NULL
2035,1232,11/27/19,43,NULL,0,NULL,0,0,NULL,0,NULL,0,0,0,0,NULL,NULL,NULL,NULL,NULL,NULL,NULL,NULL,NULL,NULL
2036,1241,11/27/19,1571,NULL,1,NULL,0.0006,1.27,NULL,1.27,NULL,0,0,0,0,NULL,NULL,NULL,NULL,NULL,NULL,NULL,NULL,NULL,NULL
2037,1246,11/27/19,183,NULL,2,NULL,0.0109,0.78,NULL,1.56,NULL,0.0281,0,55.43,3,NULL,NULL,NULL,NULL,NULL,NULL,NULL,NULL,NULL,NULL
2038,1242,11/27/19,2138,NULL,3,NULL,0.0014,1.08,NULL,3.24,NULL,0.1355,0,23.92,1,NULL,NULL,NULL,NULL,NULL,NULL,NULL,NULL,NULL,NULL
2039,1223,11/27/19,238,NULL,0,NULL,0,0,NULL,0,NULL,0,0,0,0,NULL,NULL,NULL,NULL,NULL,NULL,NULL,NULL,NULL,NULL
2040,1248,11/27/19,4873,NULL,15,NULL,0.0031,1.77,NULL,26.62,NULL,0.6882,0,38.68,2,NULL,NULL,NULL,NULL,NULL,NULL,NULL,NULL,NULL,NULL
2041,1239,11/27/19,553,NULL,11,NULL,0.0199,0.99,NULL,10.86,NULL,0.0844,0,128.75,8,NULL,NULL,NULL,NULL,NULL,NULL,NULL,NULL,NULL,NULL
2042,1251,11/27/19,0,NULL,0,NULL,0,0,NULL,0,NULL,0,0,0,0,NULL,NULL,NULL,NULL,NULL,NULL,NULL,NULL,NULL,NULL
2043,1231,11/27/19,2639,NULL,4,NULL,0.0015,1.65,NULL,6.61,NULL,0.9866,0,6.7,1,NULL,NULL,NULL,NULL,NULL,NULL,NULL,NULL,NULL,NULL
2044,1243,11/27/19,53,NULL,2,NULL,0.0377,0.59,NULL,1.18,NULL,0.0361,0,32.69,2,NULL,NULL,NULL,NULL,NULL,NULL,NULL,NULL,NULL,NULL
2045,1238,11/27/19,3658,NULL,22,NULL,0.006,2.37,NULL,52.07,NULL,0.4732,0,110.05,8,NULL,NULL,NULL,NULL,NULL,NULL,NULL,NULL,NULL,NULL
2046,1226,11/27/19,212,NULL,0,NULL,0,0,NULL,0,NULL,0,0,0,0,NULL,NULL,NULL,NULL,NULL,NULL,NULL,NULL,NULL,NULL
2047,1250,11/27/19,1338,NULL,1,NULL,0.0008,2.73,NULL,2.73,NULL,0,0,0,0,NULL,NULL,NULL,NULL,NULL,NULL,NULL,NULL,NULL,NULL
2048,1230,11/27/19,58,NULL,0,NULL,0,0,NULL,0,NULL,0,0,0,0,NULL,NULL,NULL,NULL,NULL,NULL,NULL,NULL,NULL,NULL
2049,1237,11/27/19,438,NULL,2,NULL,0.0046,0.91,NULL,1.81,NULL,0,0,0,0,NULL,NULL,NULL,NULL,NULL,NULL,NULL,NULL,NULL,NULL
2050,1230,11/28/19,50,NULL,2,NULL,0.04,0.49,NULL,0.98,NULL,0,0,0,0,NULL,NULL,NULL,NULL,NULL,NULL,NULL,NULL,NULL,NULL
2051,1237,11/28/19,284,NULL,5,NULL,0.0176,0.8,NULL,3.99,NULL,0.0499,0,80,5,NULL,NULL,NULL,NULL,NULL,NULL,NULL,NULL,NULL,NULL
2052,1249,11/28/19,45,NULL,0,NULL,0,0,NULL,0,NULL,0,0,0,0,NULL,NULL,NULL,NULL,NULL,NULL,NULL,NULL,NULL,NULL
2053,1250,11/28/19,1198,NULL,1,NULL,0.0008,4.84,NULL,4.84,NULL,0,0,0,0,NULL,NULL,NULL,NULL,NULL,NULL,NULL,NULL,NULL,NULL
2054,1236,11/28/19,1172,NULL,2,NULL,0.0017,1.44,NULL,2.87,NULL,0,0,0,0,NULL,NULL,NULL,NULL,NULL,NULL,NULL,NULL,NULL,NULL
2055,1233,11/28/19,48,NULL,0,NULL,0,0,NULL,0,NULL,0,0,0,0,NULL,NULL,NULL,NULL,NULL,NULL,NULL,NULL,NULL,NULL
2056,1252,11/28/19,91,NULL,1,NULL,0.011,1.15,NULL,1.15,NULL,0,0,0,0,NULL,NULL,NULL,NULL,NULL,NULL,NULL,NULL,NULL,NULL
2057,2042,11/28/19,6448,NULL,13,NULL,0.002,1.21,NULL,15.68,NULL,0.6416,0,24.44,4,NULL,NULL,NULL,NULL,NULL,NULL,NULL,NULL,NULL,NULL
2058,1245,11/28/19,3813,NULL,3,NULL,0.0008,1.21,NULL,3.62,NULL,0.0757,0,47.84,2,NULL,NULL,NULL,NULL,NULL,NULL,NULL,NULL,NULL,NULL
2059,1248,11/28/19,3224,NULL,7,NULL,0.0022,1.35,NULL,9.47,NULL,0,0,0,0,NULL,NULL,NULL,NULL,NULL,NULL,NULL,NULL,NULL,NULL
2060,1241,11/28/19,1661,NULL,0,NULL,0,0,NULL,0,NULL,0,0,0,0,NULL,NULL,NULL,NULL,NULL,NULL,NULL,NULL,NULL,NULL
2061,1229,11/28/19,4,NULL,0,NULL,0,0,NULL,0,NULL,0,0,0,0,NULL,NULL,NULL,NULL,NULL,NULL,NULL,NULL,NULL,NULL
2062,1243,11/28/19,64,NULL,0,NULL,0,0,NULL,0,NULL,0,0,0,0,NULL,NULL,NULL,NULL,NULL,NULL,NULL,NULL,NULL,NULL
2063,1246,11/28/19,87,NULL,1,NULL,0.0115,1.76,NULL,1.76,NULL,0,0,0,0,NULL,NULL,NULL,NULL,NULL,NULL,NULL,NULL,NULL,NULL
2064,1231,11/28/19,3040,NULL,4,NULL,0.0013,1.7,NULL,6.79,NULL,0,0,0,0,NULL,NULL,NULL,NULL,NULL,NULL,NULL,NULL,NULL,NULL
2065,1232,11/28/19,50,NULL,0,NULL,0,0,NULL,0,NULL,0,0,0,0,NULL,NULL,NULL,NULL,NULL,NULL,NULL,NULL,NULL,NULL
2066,1235,11/28/19,225,NULL,2,NULL,0.0089,0.52,NULL,1.04,NULL,0.0685,0,15.18,2,NULL,NULL,NULL,NULL,NULL,NULL,NULL,NULL,NULL,NULL
2067,1239,11/28/19,370,NULL,7,NULL,0.0189,1.16,NULL,8.1,NULL,0.1876,0,43.17,2,NULL,NULL,NULL,NULL,NULL,NULL,NULL,NULL,NULL,NULL
2068,1226,11/28/19,170,NULL,0,NULL,0,0,NULL,0,NULL,0,0,0,0,NULL,NULL,NULL,NULL,NULL,NULL,NULL,NULL,NULL,NULL
2069,1238,11/28/19,2997,NULL,16,NULL,0.0053,3.33,NULL,53.23,NULL,1.0019,0,53.13,4,NULL,NULL,NULL,NULL,NULL,NULL,NULL,NULL,NULL,NULL
2070,1244,11/28/19,724,NULL,0,NULL,0,0,NULL,0,NULL,0,0,0,0,NULL,NULL,NULL,NULL,NULL,NULL,NULL,NULL,NULL,NULL
2071,1242,11/28/19,2309,NULL,4,NULL,0.0017,1.92,NULL,7.67,NULL,0.5053,0,15.18,1,NULL,NULL,NULL,NULL,NULL,NULL,NULL,NULL,NULL,NULL
2072,1251,11/28/19,8,NULL,0,NULL,0,0,NULL,0,NULL,0,0,0,0,NULL,NULL,NULL,NULL,NULL,NULL,NULL,NULL,NULL,NULL
2073,1234,11/28/19,400,NULL,1,NULL,0.0025,1.34,NULL,1.34,NULL,0,0,0,0,NULL,NULL,NULL,NULL,NULL,NULL,NULL,NULL,NULL,NULL
2074,1223,11/28/19,275,NULL,0,NULL,0,0,NULL,0,NULL,0,0,0,0,NULL,NULL,NULL,NULL,NULL,NULL,NULL,NULL,NULL,NULL
2075,1242,11/29/19,284,NULL,0,NULL,0,0,NULL,0,NULL,0,0,0,0,NULL,NULL,NULL,NULL,NULL,NULL,NULL,NULL,NULL,NULL
2076,1230,11/29/19,106,NULL,2,NULL,0.0189,0.5,NULL,1,NULL,0,0,0,0,NULL,NULL,NULL,NULL,NULL,NULL,NULL,NULL,NULL,NULL
2077,1223,11/29/19,367,NULL,0,NULL,0,0,NULL,0,NULL,0,0,0,0,NULL,NULL,NULL,NULL,NULL,NULL,NULL,NULL,NULL,NULL
2078,1248,11/29/19,3635,NULL,11,NULL,0.003,1.53,NULL,16.88,NULL,0.8728,0,19.34,1,NULL,NULL,NULL,NULL,NULL,NULL,NULL,NULL,NULL,NULL
2079,1226,11/29/19,295,NULL,0,NULL,0,0,NULL,0,NULL,0,0,0,0,NULL,NULL,NULL,NULL,NULL,NULL,NULL,NULL,NULL,NULL
2080,1252,11/29/19,436,NULL,2,NULL,0.0046,1.53,NULL,3.06,NULL,0,0,0,0,NULL,NULL,NULL,NULL,NULL,NULL,NULL,NULL,NULL,NULL
2081,2042,11/29/19,37515,NULL,47,NULL,0.0013,1.35,NULL,63.6,NULL,0.5517,0,115.28,11,NULL,NULL,NULL,NULL,NULL,NULL,NULL,NULL,NULL,NULL
2082,1232,11/29/19,161,NULL,0,NULL,0,0,NULL,0,NULL,0,0,0,0,NULL,NULL,NULL,NULL,NULL,NULL,NULL,NULL,NULL,NULL
2083,1241,11/29/19,649,NULL,0,NULL,0,0,NULL,0,NULL,0,0,0,0,NULL,NULL,NULL,NULL,NULL,NULL,NULL,NULL,NULL,NULL
2084,1251,11/29/19,14,NULL,0,NULL,0,0,NULL,0,NULL,0,0,0,0,NULL,NULL,NULL,NULL,NULL,NULL,NULL,NULL,NULL,NULL
2085,1238,11/29/19,6578,NULL,39,NULL,0.0059,1.78,NULL,69.47,NULL,0.2889,0,240.5,13,NULL,NULL,NULL,NULL,NULL,NULL,NULL,NULL,NULL,NULL
2086,1239,11/29/19,768,NULL,7,NULL,0.0091,0.94,NULL,6.55,NULL,0.058,0,112.97,5,NULL,NULL,NULL,NULL,NULL,NULL,NULL,NULL,NULL,NULL
2087,1231,11/29/19,1389,NULL,4,NULL,0.0029,0.38,NULL,1.52,NULL,0,0,0,0,NULL,NULL,NULL,NULL,NULL,NULL,NULL,NULL,NULL,NULL
2088,1236,11/29/19,491,NULL,1,NULL,0.002,1.98,NULL,1.98,NULL,0,0,0,0,NULL,NULL,NULL,NULL,NULL,NULL,NULL,NULL,NULL,NULL
2089,1245,11/29/19,1234,NULL,3,NULL,0.0024,0.68,NULL,2.04,NULL,0,0,0,0,NULL,NULL,NULL,NULL,NULL,NULL,NULL,NULL,NULL,NULL
2090,1246,11/29/19,235,NULL,2,NULL,0.0085,1.09,NULL,2.18,NULL,0.0558,0,39.1,2,NULL,NULL,NULL,NULL,NULL,NULL,NULL,NULL,NULL,NULL
2091,1235,11/29/19,430,NULL,6,NULL,0.014,1.06,NULL,6.34,NULL,0.0913,0,69.46,5,NULL,NULL,NULL,NULL,NULL,NULL,NULL,NULL,NULL,NULL
2092,1250,11/29/19,759,NULL,0,NULL,0,0,NULL,0,NULL,0,0,0,0,NULL,NULL,NULL,NULL,NULL,NULL,NULL,NULL,NULL,NULL
2093,1234,11/29/19,261,NULL,2,NULL,0.0077,1.5,NULL,2.99,NULL,0,0,0,0,NULL,NULL,NULL,NULL,NULL,NULL,NULL,NULL,NULL,NULL
2094,1243,11/29/19,79,NULL,1,NULL,0.0127,2.1,NULL,2.1,NULL,0,0,0,0,NULL,NULL,NULL,NULL,NULL,NULL,NULL,NULL,NULL,NULL
2095,1237,11/29/19,640,NULL,2,NULL,0.0031,1.16,NULL,2.31,NULL,0.0701,0,32.94,1,NULL,NULL,NULL,NULL,NULL,NULL,NULL,NULL,NULL,NULL
2096,1239,11/30/19,393,NULL,6,NULL,0.0153,1.15,NULL,6.88,NULL,0.4781,0,14.39,1,NULL,NULL,NULL,NULL,NULL,NULL,NULL,NULL,NULL,NULL
2097,1230,11/30/19,35,NULL,0,NULL,0,0,NULL,0,NULL,0,0,0,0,NULL,NULL,NULL,NULL,NULL,NULL,NULL,NULL,NULL,NULL
2098,1226,11/30/19,107,NULL,0,NULL,0,0,NULL,0,NULL,0,0,0,0,NULL,NULL,NULL,NULL,NULL,NULL,NULL,NULL,NULL,NULL
2099,1252,11/30/19,305,NULL,0,NULL,0,0,NULL,0,NULL,0,0,0,0,NULL,NULL,NULL,NULL,NULL,NULL,NULL,NULL,NULL,NULL
2100,1235,11/30/19,125,NULL,3,NULL,0.024,0.44,NULL,1.31,NULL,0.0575,0,22.77,2,NULL,NULL,NULL,NULL,NULL,NULL,NULL,NULL,NULL,NULL
2101,1243,11/30/19,33,NULL,3,NULL,0.0909,0.99,NULL,2.97,NULL,0.0274,0,108.36,4,NULL,NULL,NULL,NULL,NULL,NULL,NULL,NULL,NULL,NULL
2102,1245,11/30/19,0,NULL,0,NULL,0,0,NULL,0,NULL,0,0,0,0,NULL,NULL,NULL,NULL,NULL,NULL,NULL,NULL,NULL,NULL
2103,2042,11/30/19,20542,NULL,39,NULL,0.0019,1.46,NULL,56.79,NULL,0.6296,0,90.2,8,NULL,NULL,NULL,NULL,NULL,NULL,NULL,NULL,NULL,NULL
2104,1231,11/30/19,0,NULL,0,NULL,0,0,NULL,0,NULL,0,0,0,0,NULL,NULL,NULL,NULL,NULL,NULL,NULL,NULL,NULL,NULL
2105,1232,11/30/19,31,NULL,0,NULL,0,0,NULL,0,NULL,0,0,0,0,NULL,NULL,NULL,NULL,NULL,NULL,NULL,NULL,NULL,NULL
2106,1237,11/30/19,290,NULL,2,NULL,0.0069,1.28,NULL,2.55,NULL,0.0488,0,52.28,2,NULL,NULL,NULL,NULL,NULL,NULL,NULL,NULL,NULL,NULL
2107,1238,11/30/19,3435,NULL,24,NULL,0.007,2.4,NULL,57.68,NULL,0.6909,0,83.49,7,NULL,NULL,NULL,NULL,NULL,NULL,NULL,NULL,NULL,NULL
2108,1246,11/30/19,51,NULL,1,NULL,0.0196,0.51,NULL,0.51,NULL,0,0,0,0,NULL,NULL,NULL,NULL,NULL,NULL,NULL,NULL,NULL,NULL
2109,1223,11/30/19,144,NULL,1,NULL,0.0069,0.44,NULL,0.44,NULL,0,0,0,0,NULL,NULL,NULL,NULL,NULL,NULL,NULL,NULL,NULL,NULL
2110,1248,11/30/19,1548,NULL,9,NULL,0.0058,1.64,NULL,14.74,NULL,0.2541,0,58.02,3,NULL,NULL,NULL,NULL,NULL,NULL,NULL,NULL,NULL,NULL
2111,1232,12/1/19,143,NULL,0,NULL,0,0,NULL,0,NULL,0,0,0,0,NULL,NULL,NULL,NULL,NULL,NULL,NULL,NULL,NULL,NULL
2112,1243,12/1/19,45,NULL,1,NULL,0.0222,1.16,NULL,1.16,NULL,0,0,0,0,NULL,NULL,NULL,NULL,NULL,NULL,NULL,NULL,NULL,NULL
2113,1246,12/1/19,211,NULL,2,NULL,0.0095,0.48,NULL,0.95,NULL,0.0302,0,31.51,2,NULL,NULL,NULL,NULL,NULL,NULL,NULL,NULL,NULL,NULL
2114,1237,12/1/19,551,NULL,6,NULL,0.0109,1.23,NULL,7.36,NULL,0.0783,0,93.95,5,NULL,NULL,NULL,NULL,NULL,NULL,NULL,NULL,NULL,NULL
2115,1252,12/1/19,145,NULL,0,NULL,0,0,NULL,0,NULL,0,0,0,0,NULL,NULL,NULL,NULL,NULL,NULL,NULL,NULL,NULL,NULL
2116,1238,12/1/19,7240,NULL,35,NULL,0.0048,2.09,NULL,73.32,NULL,0.3716,0,197.33,12,NULL,NULL,NULL,NULL,NULL,NULL,NULL,NULL,NULL,NULL
2117,2042,12/1/19,37317,NULL,71,NULL,0.0019,1.46,NULL,103.79,NULL,0.7739,0,134.11,10,NULL,NULL,NULL,NULL,NULL,NULL,NULL,NULL,NULL,NULL
2118,1223,12/1/19,201,NULL,0,NULL,0,0,NULL,0,NULL,0,0,0,0,NULL,NULL,NULL,NULL,NULL,NULL,NULL,NULL,NULL,NULL
2119,1226,12/1/19,248,NULL,2,NULL,0.0081,0.96,NULL,1.91,NULL,0,0,0,0,NULL,NULL,NULL,NULL,NULL,NULL,NULL,NULL,NULL,NULL
2120,1239,12/1/19,899,NULL,12,NULL,0.0134,0.88,NULL,10.59,NULL,0.2082,0,50.87,4,NULL,NULL,NULL,NULL,NULL,NULL,NULL,NULL,NULL,NULL
2121,1230,12/1/19,98,NULL,0,NULL,0,0,NULL,0,NULL,0,0,0,0,NULL,NULL,NULL,NULL,NULL,NULL,NULL,NULL,NULL,NULL
2122,1231,12/1/19,0,NULL,0,NULL,0,0,NULL,0,NULL,0,0,0,0,NULL,NULL,NULL,NULL,NULL,NULL,NULL,NULL,NULL,NULL
2123,1235,12/1/19,295,NULL,2,NULL,0.0068,0.48,NULL,0.95,NULL,0.0417,0,22.77,2,NULL,NULL,NULL,NULL,NULL,NULL,NULL,NULL,NULL,NULL
2124,1248,12/1/19,7729,NULL,15,NULL,0.0019,1.46,NULL,21.89,NULL,1.1319,0,19.34,1,NULL,NULL,NULL,NULL,NULL,NULL,NULL,NULL,NULL,NULL
2125,1231,12/2/19,0,NULL,0,NULL,0,0,NULL,0,NULL,0,0,0,0,NULL,NULL,NULL,NULL,NULL,NULL,NULL,NULL,NULL,NULL
2126,1248,12/2/19,16944,NULL,18,NULL,0.0011,1.53,NULL,27.45,NULL,1.4193,0,19.34,1,NULL,NULL,NULL,NULL,NULL,NULL,NULL,NULL,NULL,NULL
2127,1239,12/2/19,840,NULL,14,NULL,0.0167,1.07,NULL,14.94,NULL,0.465,0,32.13,3,NULL,NULL,NULL,NULL,NULL,NULL,NULL,NULL,NULL,NULL
2128,1252,12/2/19,136,NULL,0,NULL,0,0,NULL,0,NULL,0,0,0,0,NULL,NULL,NULL,NULL,NULL,NULL,NULL,NULL,NULL,NULL
2129,1223,12/2/19,384,NULL,1,NULL,0.0026,0.42,NULL,0.42,NULL,0,0,0,0,NULL,NULL,NULL,NULL,NULL,NULL,NULL,NULL,NULL,NULL
2130,2042,12/2/19,59608,NULL,73,NULL,0.0012,1.38,NULL,100.62,NULL,0.6457,0,155.83,11,NULL,NULL,NULL,NULL,NULL,NULL,NULL,NULL,NULL,NULL
2131,1230,12/2/19,158,NULL,0,NULL,0,0,NULL,0,NULL,0,0,0,0,NULL,NULL,NULL,NULL,NULL,NULL,NULL,NULL,NULL,NULL
2132,1243,12/2/19,106,NULL,2,NULL,0.0189,1.2,NULL,2.4,NULL,0.0523,0,45.92,3,NULL,NULL,NULL,NULL,NULL,NULL,NULL,NULL,NULL,NULL
2133,1246,12/2/19,296,NULL,3,NULL,0.0101,0.79,NULL,2.36,NULL,0.0493,0,47.84,3,NULL,NULL,NULL,NULL,NULL,NULL,NULL,NULL,NULL,NULL
2134,1237,12/2/19,666,NULL,5,NULL,0.0075,1.19,NULL,5.97,NULL,0.0506,0,117.96,5,NULL,NULL,NULL,NULL,NULL,NULL,NULL,NULL,NULL,NULL
2135,1235,12/2/19,529,NULL,10,NULL,0.0189,1.66,NULL,16.58,NULL,0.0819,0,202.5,11,NULL,NULL,NULL,NULL,NULL,NULL,NULL,NULL,NULL,NULL
2136,1226,12/2/19,314,NULL,0,NULL,0,0,NULL,0,NULL,0,0,0,0,NULL,NULL,NULL,NULL,NULL,NULL,NULL,NULL,NULL,NULL
2137,1232,12/2/19,128,NULL,0,NULL,0,0,NULL,0,NULL,0,0,0,0,NULL,NULL,NULL,NULL,NULL,NULL,NULL,NULL,NULL,NULL
2138,1238,12/2/19,10679,NULL,48,NULL,0.0045,1.88,NULL,90.05,NULL,0.349,0,258.05,16,NULL,NULL,NULL,NULL,NULL,NULL,NULL,NULL,NULL,NULL
2139,1237,12/3/19,654,NULL,1,NULL,0.0015,0.43,NULL,0.43,NULL,0.0223,0,19.32,1,NULL,NULL,NULL,NULL,NULL,NULL,NULL,NULL,NULL,NULL
2140,1246,12/3/19,232,NULL,0,NULL,0,0,NULL,0,NULL,0,0,0,0,NULL,NULL,NULL,NULL,NULL,NULL,NULL,NULL,NULL,NULL
2141,1248,12/3/19,13485,NULL,29,NULL,0.0022,1.78,NULL,51.75,NULL,0.3379,0,153.17,8,NULL,NULL,NULL,NULL,NULL,NULL,NULL,NULL,NULL,NULL
2142,1252,12/3/19,150,NULL,1,NULL,0.0067,2.01,NULL,2.01,NULL,0,0,0,0,NULL,NULL,NULL,NULL,NULL,NULL,NULL,NULL,NULL,NULL
2143,1239,12/3/19,1160,NULL,7,NULL,0.006,0.72,NULL,5.07,NULL,0.0796,0,63.68,4,NULL,NULL,NULL,NULL,NULL,NULL,NULL,NULL,NULL,NULL
2144,1223,12/3/19,327,NULL,2,NULL,0.0061,0.27,NULL,0.54,NULL,0.0229,0,23.57,1,NULL,NULL,NULL,NULL,NULL,NULL,NULL,NULL,NULL,NULL
2145,2042,12/3/19,60211,NULL,78,NULL,0.0013,1.38,NULL,107.71,NULL,0.7474,0,144.12,8,NULL,NULL,NULL,NULL,NULL,NULL,NULL,NULL,NULL,NULL
2146,1230,12/3/19,137,NULL,0,NULL,0,0,NULL,0,NULL,0,0,0,0,NULL,NULL,NULL,NULL,NULL,NULL,NULL,NULL,NULL,NULL
2147,1235,12/3/19,235,NULL,13,NULL,0.0553,1.57,NULL,20.37,NULL,0.1136,0,179.36,11,NULL,NULL,NULL,NULL,NULL,NULL,NULL,NULL,NULL,NULL
2148,1232,12/3/19,80,NULL,2,NULL,0.025,1.57,NULL,3.13,NULL,0,0,0,0,NULL,NULL,NULL,NULL,NULL,NULL,NULL,NULL,NULL,NULL
2149,1243,12/3/19,60,NULL,0,NULL,0,0,NULL,0,NULL,0,0,0,0,NULL,NULL,NULL,NULL,NULL,NULL,NULL,NULL,NULL,NULL
2150,1226,12/3/19,248,NULL,1,NULL,0.004,0.5,NULL,0.5,NULL,0,0,0,0,NULL,NULL,NULL,NULL,NULL,NULL,NULL,NULL,NULL,NULL
2151,1238,12/3/19,8311,NULL,49,NULL,0.0059,2.56,NULL,125.53,NULL,0.9912,0,126.65,10,NULL,NULL,NULL,NULL,NULL,NULL,NULL,NULL,NULL,NULL
2152,1237,12/4/19,479,NULL,1,NULL,0.0021,1.49,NULL,1.49,NULL,0.0584,0,25.53,1,NULL,NULL,NULL,NULL,NULL,NULL,NULL,NULL,NULL,NULL
2153,1232,12/4/19,77,NULL,0,NULL,0,0,NULL,0,NULL,0,0,0,0,NULL,NULL,NULL,NULL,NULL,NULL,NULL,NULL,NULL,NULL
2154,1243,12/4/19,79,NULL,4,NULL,0.0506,0.56,NULL,2.25,NULL,0.0524,0,42.97,2,NULL,NULL,NULL,NULL,NULL,NULL,NULL,NULL,NULL,NULL
2155,1252,12/4/19,250,NULL,1,NULL,0.004,2.18,NULL,2.18,NULL,0.2876,0,7.58,1,NULL,NULL,NULL,NULL,NULL,NULL,NULL,NULL,NULL,NULL
2156,1246,12/4/19,239,NULL,2,NULL,0.0084,1.58,NULL,3.15,NULL,0.1317,0,23.92,1,NULL,NULL,NULL,NULL,NULL,NULL,NULL,NULL,NULL,NULL
2157,1239,12/4/19,658,NULL,11,NULL,0.0167,1.05,NULL,11.52,NULL,0.1103,0,104.44,6,NULL,NULL,NULL,NULL,NULL,NULL,NULL,NULL,NULL,NULL
2158,2042,12/4/19,65307,NULL,96,NULL,0.0015,1.55,NULL,149.04,NULL,1.0281,0,144.97,14,NULL,NULL,NULL,NULL,NULL,NULL,NULL,NULL,NULL,NULL
2159,1223,12/4/19,311,NULL,1,NULL,0.0032,0.5,NULL,0.5,NULL,0,0,0,0,NULL,NULL,NULL,NULL,NULL,NULL,NULL,NULL,NULL,NULL
2160,1226,12/4/19,218,NULL,0,NULL,0,0,NULL,0,NULL,0,0,0,0,NULL,NULL,NULL,NULL,NULL,NULL,NULL,NULL,NULL,NULL
2161,1230,12/4/19,121,NULL,0,NULL,0,0,NULL,0,NULL,0,0,0,0,NULL,NULL,NULL,NULL,NULL,NULL,NULL,NULL,NULL,NULL
2162,1248,12/4/19,15665,NULL,25,NULL,0.0016,1.64,NULL,41.01,NULL,0.3032,0,135.24,7,NULL,NULL,NULL,NULL,NULL,NULL,NULL,NULL,NULL,NULL
2163,1235,12/4/19,207,NULL,5,NULL,0.0242,1.83,NULL,9.17,NULL,0.2014,0,45.54,3,NULL,NULL,NULL,NULL,NULL,NULL,NULL,NULL,NULL,NULL
2164,1238,12/4/19,8701,NULL,33,NULL,0.0038,2.63,NULL,86.73,NULL,0.8689,0,99.82,8,NULL,NULL,NULL,NULL,NULL,NULL,NULL,NULL,NULL,NULL
2165,1238,12/5/19,7843,NULL,23,NULL,0.0029,2.14,NULL,49.33,NULL,0.7437,0,66.33,6,NULL,NULL,NULL,NULL,NULL,NULL,NULL,NULL,NULL,NULL
2166,1226,12/5/19,279,NULL,0,NULL,0,0,NULL,0,NULL,0,0,0,0,NULL,NULL,NULL,NULL,NULL,NULL,NULL,NULL,NULL,NULL
2167,1246,12/5/19,318,NULL,1,NULL,0.0031,0.3,NULL,0.3,NULL,0,0,0,0,NULL,NULL,NULL,NULL,NULL,NULL,NULL,NULL,NULL,NULL
2168,1237,12/5/19,505,NULL,0,NULL,0,0,NULL,0,NULL,0,0,0,0,NULL,NULL,NULL,NULL,NULL,NULL,NULL,NULL,NULL,NULL
2169,2042,12/5/19,76305,NULL,115,NULL,0.0015,1.43,NULL,164.44,NULL,1.6972,0,96.89,14,NULL,NULL,NULL,NULL,NULL,NULL,NULL,NULL,NULL,NULL
2170,1223,12/5/19,273,NULL,0,NULL,0,0,NULL,0,NULL,0,0,0,0,NULL,NULL,NULL,NULL,NULL,NULL,NULL,NULL,NULL,NULL
2171,1230,12/5/19,88,NULL,1,NULL,0.0114,0.48,NULL,0.48,NULL,0.0343,0,13.99,2,NULL,NULL,NULL,NULL,NULL,NULL,NULL,NULL,NULL,NULL
2172,1239,12/5/19,886,NULL,11,NULL,0.0124,1.07,NULL,11.75,NULL,0.156,0,75.3,6,NULL,NULL,NULL,NULL,NULL,NULL,NULL,NULL,NULL,NULL
2173,1232,12/5/19,66,NULL,0,NULL,0,0,NULL,0,NULL,0,0,0,0,NULL,NULL,NULL,NULL,NULL,NULL,NULL,NULL,NULL,NULL
2174,1243,12/5/19,86,NULL,3,NULL,0.0349,0.42,NULL,1.26,NULL,0.0293,0,42.97,2,NULL,NULL,NULL,NULL,NULL,NULL,NULL,NULL,NULL,NULL
2175,1235,12/5/19,224,NULL,5,NULL,0.0223,1.85,NULL,9.23,NULL,0.3121,0,29.57,3,NULL,NULL,NULL,NULL,NULL,NULL,NULL,NULL,NULL,NULL
2176,1252,12/5/19,93,NULL,0,NULL,0,0,NULL,0,NULL,0,0,0,0,NULL,NULL,NULL,NULL,NULL,NULL,NULL,NULL,NULL,NULL
2177,1248,12/5/19,14352,NULL,32,NULL,0.0022,1.71,NULL,54.59,NULL,0.7545,0,72.35,4,NULL,NULL,NULL,NULL,NULL,NULL,NULL,NULL,NULL,NULL
2178,1233,12/6/19,911,NULL,1,NULL,0.0011,1.14,NULL,1.14,NULL,0,0,0,0,NULL,NULL,NULL,NULL,NULL,NULL,NULL,NULL,NULL,NULL
2179,1235,12/6/19,243,NULL,1,NULL,0.0041,1.59,NULL,1.59,NULL,0.2095,0,7.59,1,NULL,NULL,NULL,NULL,NULL,NULL,NULL,NULL,NULL,NULL
2180,1239,12/6/19,624,NULL,6,NULL,0.0096,0.73,NULL,4.4,NULL,0.2564,0,17.16,1,NULL,NULL,NULL,NULL,NULL,NULL,NULL,NULL,NULL,NULL
2181,1230,12/6/19,488,NULL,0,NULL,0,0,NULL,0,NULL,0,0,0,0,NULL,NULL,NULL,NULL,NULL,NULL,NULL,NULL,NULL,NULL
2182,1223,12/6/19,306,NULL,1,NULL,0.0033,0.34,NULL,0.34,NULL,0.0486,0,6.99,1,NULL,NULL,NULL,NULL,NULL,NULL,NULL,NULL,NULL,NULL
2183,2042,12/6/19,32507,NULL,50,NULL,0.0015,1.32,NULL,66.1,NULL,0.8532,0,77.47,7,NULL,NULL,NULL,NULL,NULL,NULL,NULL,NULL,NULL,NULL
2184,1249,12/6/19,166,NULL,1,NULL,0.006,1.14,NULL,1.14,NULL,0.0317,0,35.94,1,NULL,NULL,NULL,NULL,NULL,NULL,NULL,NULL,NULL,NULL
2185,1246,12/6/19,130,NULL,0,NULL,0,0,NULL,0,NULL,0,0,0,0,NULL,NULL,NULL,NULL,NULL,NULL,NULL,NULL,NULL,NULL
2186,1237,12/6/19,365,NULL,2,NULL,0.0055,0.75,NULL,1.49,NULL,0,0,0,0,NULL,NULL,NULL,NULL,NULL,NULL,NULL,NULL,NULL,NULL
2187,1243,12/6/19,60,NULL,0,NULL,0,0,NULL,0,NULL,0,0,0,0,NULL,NULL,NULL,NULL,NULL,NULL,NULL,NULL,NULL,NULL
2188,1238,12/6/19,15306,NULL,40,NULL,0.0026,2.07,NULL,82.76,NULL,0.271,0,305.39,14,NULL,NULL,NULL,NULL,NULL,NULL,NULL,NULL,NULL,NULL
2189,1226,12/6/19,234,NULL,0,NULL,0,0,NULL,0,NULL,0,0,0,0,NULL,NULL,NULL,NULL,NULL,NULL,NULL,NULL,NULL,NULL
2190,1252,12/6/19,136,NULL,1,NULL,0.0074,0.54,NULL,0.54,NULL,0,0,0,0,NULL,NULL,NULL,NULL,NULL,NULL,NULL,NULL,NULL,NULL
2191,1248,12/6/19,12033,NULL,20,NULL,0.0017,1.83,NULL,36.6,NULL,0.9472,0,38.64,2,NULL,NULL,NULL,NULL,NULL,NULL,NULL,NULL,NULL,NULL
2192,1232,12/6/19,79,NULL,0,NULL,0,0,NULL,0,NULL,0,0,0,0,NULL,NULL,NULL,NULL,NULL,NULL,NULL,NULL,NULL,NULL
2193,1238,12/7/19,0,NULL,0,NULL,0,0,NULL,0,NULL,0,0,7.59,1,NULL,NULL,NULL,NULL,NULL,NULL,NULL,NULL,NULL,NULL
2194,1230,12/8/19,434,NULL,1,NULL,0.0023,0.49,NULL,0.49,NULL,0,0,0,0,NULL,NULL,NULL,NULL,NULL,NULL,NULL,NULL,NULL,NULL
2195,1246,12/8/19,121,NULL,1,NULL,0.0083,0.37,NULL,0.37,NULL,0.0155,0,23.92,1,NULL,NULL,NULL,NULL,NULL,NULL,NULL,NULL,NULL,NULL
2196,1223,12/8/19,382,NULL,1,NULL,0.0026,0.5,NULL,0.5,NULL,0.0215,0,23.21,1,NULL,NULL,NULL,NULL,NULL,NULL,NULL,NULL,NULL,NULL
2197,1243,12/8/19,105,NULL,3,NULL,0.0286,1.01,NULL,3.03,NULL,0.1306,0,23.21,1,NULL,NULL,NULL,NULL,NULL,NULL,NULL,NULL,NULL,NULL
2198,1237,12/8/19,355,NULL,4,NULL,0.0113,1.06,NULL,4.25,NULL,0.068,0,62.52,3,NULL,NULL,NULL,NULL,NULL,NULL,NULL,NULL,NULL,NULL
2199,1238,12/8/19,17269,NULL,79,NULL,0.0046,2.21,NULL,174.68,NULL,0.6166,0,283.31,28,NULL,NULL,NULL,NULL,NULL,NULL,NULL,NULL,NULL,NULL
2200,1252,12/8/19,157,NULL,0,NULL,0,0,NULL,0,NULL,0,0,0,0,NULL,NULL,NULL,NULL,NULL,NULL,NULL,NULL,NULL,NULL
2201,2042,12/8/19,28059,13247,53,28,0.0019,1.32,1.93,70.19,53.9,0.396,0,177.27,13,NULL,NULL,NULL,NULL,NULL,NULL,NULL,NULL,NULL,NULL
2202,1239,12/8/19,642,NULL,9,NULL,0.014,1.03,NULL,9.24,NULL,0.1477,0,62.56,6,NULL,NULL,NULL,NULL,NULL,NULL,NULL,NULL,NULL,NULL
2203,1233,12/8/19,1838,NULL,0,NULL,0,0,NULL,0,NULL,0,0,0,0,NULL,NULL,NULL,NULL,NULL,NULL,NULL,NULL,NULL,NULL
2204,1232,12/8/19,81,NULL,0,NULL,0,0,NULL,0,NULL,0,0,0,0,NULL,NULL,NULL,NULL,NULL,NULL,NULL,NULL,NULL,NULL
2205,1235,12/8/19,519,NULL,3,NULL,0.0058,2.46,NULL,7.37,NULL,0.3237,0,22.77,2,NULL,NULL,NULL,NULL,NULL,NULL,NULL,NULL,NULL,NULL
2206,1248,12/8/19,15294,NULL,27,NULL,0.0018,1.78,NULL,48.08,NULL,0.6475,0,74.26,4,NULL,NULL,NULL,NULL,NULL,NULL,NULL,NULL,NULL,NULL
2207,1249,12/8/19,207,NULL,0,NULL,0,0,NULL,0,NULL,0,0,0,0,NULL,NULL,NULL,NULL,NULL,NULL,NULL,NULL,NULL,NULL
2208,1226,12/8/19,305,NULL,0,NULL,0,0,NULL,0,NULL,0,0,0,0,NULL,NULL,NULL,NULL,NULL,NULL,NULL,NULL,NULL,NULL
2209,1238,12/9/19,23494,NULL,56,NULL,0.0024,1.99,NULL,111.38,NULL,0.6796,0,163.88,16,NULL,NULL,NULL,NULL,NULL,NULL,NULL,NULL,NULL,NULL
2210,1239,12/9/19,667,NULL,4,NULL,0.006,0.44,NULL,1.75,NULL,0.0987,0,17.74,2,NULL,NULL,NULL,NULL,NULL,NULL,NULL,NULL,NULL,NULL
2211,1233,12/9/19,2346,NULL,4,NULL,0.0017,1.09,NULL,4.37,NULL,0.1459,0,29.95,1,NULL,NULL,NULL,NULL,NULL,NULL,NULL,NULL,NULL,NULL
2212,1237,12/9/19,499,NULL,8,NULL,0.016,0.96,NULL,7.68,NULL,0.1565,0,49.08,3,NULL,NULL,NULL,NULL,NULL,NULL,NULL,NULL,NULL,NULL
2213,1230,12/9/19,1081,NULL,3,NULL,0.0028,0.44,NULL,1.33,NULL,0.1752,0,7.59,1,NULL,NULL,NULL,NULL,NULL,NULL,NULL,NULL,NULL,NULL
2214,1223,12/9/19,361,NULL,0,NULL,0,0,NULL,0,NULL,0,0,0,0,NULL,NULL,NULL,NULL,NULL,NULL,NULL,NULL,NULL,NULL
2215,1246,12/9/19,231,NULL,0,NULL,0,0,NULL,0,NULL,0,0,0,0,NULL,NULL,NULL,NULL,NULL,NULL,NULL,NULL,NULL,NULL
2216,1252,12/9/19,222,NULL,2,NULL,0.009,1.29,NULL,2.57,NULL,0,0,0,0,NULL,NULL,NULL,NULL,NULL,NULL,NULL,NULL,NULL,NULL
2217,2042,12/9/19,46648,17107,84,41,0.0018,1.23,1.83,103.49,75.14,0.4666,0,221.78,22,NULL,NULL,NULL,NULL,NULL,NULL,NULL,NULL,NULL,NULL
2218,1245,12/9/19,3559,NULL,4,NULL,0.0011,1.26,NULL,5.02,NULL,0.2099,0,23.92,1,NULL,NULL,NULL,NULL,NULL,NULL,NULL,NULL,NULL,NULL
2219,1248,12/9/19,15851,NULL,30,NULL,0.0019,1.8,NULL,54.1,NULL,0.4188,0,129.18,7,NULL,NULL,NULL,NULL,NULL,NULL,NULL,NULL,NULL,NULL
2220,1235,12/9/19,374,NULL,12,NULL,0.0321,1.1,NULL,13.2,NULL,0.1319,0,100.08,6,NULL,NULL,NULL,NULL,NULL,NULL,NULL,NULL,NULL,NULL
2221,1243,12/9/19,139,NULL,0,NULL,0,0,NULL,0,NULL,0,0,0,0,NULL,NULL,NULL,NULL,NULL,NULL,NULL,NULL,NULL,NULL
2222,1232,12/9/19,83,NULL,0,NULL,0,0,NULL,0,NULL,0,0,0,0,NULL,NULL,NULL,NULL,NULL,NULL,NULL,NULL,NULL,NULL
2223,1249,12/9/19,297,NULL,0,NULL,0,0,NULL,0,NULL,0,0,0,0,NULL,NULL,NULL,NULL,NULL,NULL,NULL,NULL,NULL,NULL
2224,1226,12/9/19,378,NULL,0,NULL,0,0,NULL,0,NULL,0,0,0,0,NULL,NULL,NULL,NULL,NULL,NULL,NULL,NULL,NULL,NULL
2225,1238,12/10/19,20554,NULL,49,NULL,0.0024,2.3,NULL,112.8,NULL,1.0037,0,112.38,12,NULL,NULL,NULL,NULL,NULL,NULL,NULL,NULL,NULL,NULL
2226,1226,12/10/19,413,NULL,0,NULL,0,0,NULL,0,NULL,0,0,0,0,NULL,NULL,NULL,NULL,NULL,NULL,NULL,NULL,NULL,NULL
2227,1223,12/10/19,383,NULL,0,NULL,0,0,NULL,0,NULL,0,0,0,0,NULL,NULL,NULL,NULL,NULL,NULL,NULL,NULL,NULL,NULL
2228,1232,12/10/19,73,NULL,0,NULL,0,0,NULL,0,NULL,0,0,0,0,NULL,NULL,NULL,NULL,NULL,NULL,NULL,NULL,NULL,NULL
2229,1248,12/10/19,15322,NULL,30,NULL,0.002,1.81,NULL,54.3,NULL,0.4534,0,119.76,6,NULL,NULL,NULL,NULL,NULL,NULL,NULL,NULL,NULL,NULL
2230,1249,12/10/19,271,NULL,0,NULL,0,0,NULL,0,NULL,0,0,0,0,NULL,NULL,NULL,NULL,NULL,NULL,NULL,NULL,NULL,NULL
2231,1246,12/10/19,171,NULL,0,NULL,0,0,NULL,0,NULL,0,0,0,0,NULL,NULL,NULL,NULL,NULL,NULL,NULL,NULL,NULL,NULL
2232,1239,12/10/19,608,NULL,9,NULL,0.0148,1.1,NULL,9.93,NULL,0.2053,0,48.36,3,NULL,NULL,NULL,NULL,NULL,NULL,NULL,NULL,NULL,NULL
2233,1237,12/10/19,427,NULL,5,NULL,0.0117,0.9,NULL,4.52,NULL,0.0861,0,52.48,3,NULL,NULL,NULL,NULL,NULL,NULL,NULL,NULL,NULL,NULL
2234,1252,12/10/19,167,NULL,0,NULL,0,0,NULL,0,NULL,0,0,0,0,NULL,NULL,NULL,NULL,NULL,NULL,NULL,NULL,NULL,NULL
2235,1235,12/10/19,390,NULL,8,NULL,0.0205,0.95,NULL,7.63,NULL,0.5746,0,13.28,2,NULL,NULL,NULL,NULL,NULL,NULL,NULL,NULL,NULL,NULL
2236,2042,12/10/19,48157,23779,84,71,0.0017,1.26,1.6,106.25,113.8,0.8628,0,123.14,10,NULL,NULL,NULL,NULL,NULL,NULL,NULL,NULL,NULL,NULL
2237,1243,12/10/19,68,NULL,0,NULL,0,0,NULL,0,NULL,0,0,0,0,NULL,NULL,NULL,NULL,NULL,NULL,NULL,NULL,NULL,NULL
2238,1230,12/10/19,1342,NULL,0,NULL,0,0,NULL,0,NULL,0,0,0,0,NULL,NULL,NULL,NULL,NULL,NULL,NULL,NULL,NULL,NULL
2239,1245,12/10/19,10170,NULL,8,NULL,0.0008,0.93,NULL,7.46,NULL,0.1415,0,52.74,4,NULL,NULL,NULL,NULL,NULL,NULL,NULL,NULL,NULL,NULL
2240,1233,12/10/19,1743,NULL,3,NULL,0.0017,1.34,NULL,4.01,NULL,0.0516,0,77.75,2,NULL,NULL,NULL,NULL,NULL,NULL,NULL,NULL,NULL,NULL
2241,1223,12/11/19,477,NULL,0,NULL,0,0,NULL,0,NULL,0,0,0,0,NULL,NULL,NULL,NULL,NULL,NULL,NULL,NULL,NULL,NULL
2242,1233,12/11/19,1442,NULL,2,NULL,0.0014,1.49,NULL,2.97,NULL,0,0,0,0,NULL,NULL,NULL,NULL,NULL,NULL,NULL,NULL,NULL,NULL
2243,1246,12/11/19,299,NULL,3,NULL,0.01,1.02,NULL,3.07,NULL,0.0257,0,119.64,4,NULL,NULL,NULL,NULL,NULL,NULL,NULL,NULL,NULL,NULL
2244,2042,12/11/19,40135,20906,58,75,0.0015,1.21,1.54,70.3,115.56,0.3231,0,217.57,14,NULL,NULL,NULL,NULL,NULL,NULL,NULL,NULL,NULL,NULL
2245,1252,12/11/19,227,NULL,1,NULL,0.0044,0.33,NULL,0.33,NULL,0.0413,0,7.99,1,NULL,NULL,NULL,NULL,NULL,NULL,NULL,NULL,NULL,NULL
2246,1235,12/11/19,481,NULL,7,NULL,0.0146,1.11,NULL,7.77,NULL,0.0871,0,89.2,4,NULL,NULL,NULL,NULL,NULL,NULL,NULL,NULL,NULL,NULL
2247,1232,12/11/19,67,NULL,0,NULL,0,0,NULL,0,NULL,0,0,0,0,NULL,NULL,NULL,NULL,NULL,NULL,NULL,NULL,NULL,NULL
2248,1239,12/11/19,483,NULL,11,NULL,0.0228,0.75,NULL,8.22,NULL,0.1386,0,59.29,6,NULL,NULL,NULL,NULL,NULL,NULL,NULL,NULL,NULL,NULL
2249,1249,12/11/19,213,NULL,0,NULL,0,0,NULL,0,NULL,0,0,0,0,NULL,NULL,NULL,NULL,NULL,NULL,NULL,NULL,NULL,NULL
2250,1226,12/11/19,430,NULL,3,NULL,0.007,1.29,NULL,3.88,NULL,0,0,0,0,NULL,NULL,NULL,NULL,NULL,NULL,NULL,NULL,NULL,NULL
2251,1238,12/11/19,20966,NULL,34,NULL,0.0016,2.34,NULL,79.5,NULL,2.6194,0,30.35,5,NULL,NULL,NULL,NULL,NULL,NULL,NULL,NULL,NULL,NULL
2252,1248,12/11/19,13324,NULL,34,NULL,0.0026,1.61,NULL,54.73,NULL,0.3066,0,178.53,10,NULL,NULL,NULL,NULL,NULL,NULL,NULL,NULL,NULL,NULL
2253,1245,12/11/19,13363,NULL,14,NULL,0.0011,1.28,NULL,17.95,NULL,0.5373,0,33.41,2,NULL,NULL,NULL,NULL,NULL,NULL,NULL,NULL,NULL,NULL
2254,1230,12/11/19,849,NULL,1,NULL,0.0012,1.08,NULL,1.08,NULL,0,0,0,0,NULL,NULL,NULL,NULL,NULL,NULL,NULL,NULL,NULL,NULL
2255,1237,12/11/19,569,NULL,6,NULL,0.0105,0.86,NULL,5.13,NULL,0.1089,0,47.11,3,NULL,NULL,NULL,NULL,NULL,NULL,NULL,NULL,NULL,NULL
2256,1243,12/11/19,81,NULL,1,NULL,0.0124,1,NULL,1,NULL,0,0,0,0,NULL,NULL,NULL,NULL,NULL,NULL,NULL,NULL,NULL,NULL
2257,1239,12/12/19,412,NULL,10,NULL,0.0243,0.76,NULL,7.58,NULL,0.1245,0,60.91,5,NULL,NULL,NULL,NULL,NULL,NULL,NULL,NULL,NULL,NULL
2258,1226,12/12/19,486,NULL,0,NULL,0,0,NULL,0,NULL,0,0,0,0,NULL,NULL,NULL,NULL,NULL,NULL,NULL,NULL,NULL,NULL
2259,1243,12/12/19,49,NULL,1,NULL,0.0204,0.21,NULL,0.21,NULL,0,0,0,0,NULL,NULL,NULL,NULL,NULL,NULL,NULL,NULL,NULL,NULL
2260,1238,12/12/19,23384,NULL,53,NULL,0.0023,1.67,NULL,88.72,NULL,1.2305,0,72.1,8,NULL,NULL,NULL,NULL,NULL,NULL,NULL,NULL,NULL,NULL
2261,1232,12/12/19,57,NULL,1,NULL,0.0175,2,NULL,2,NULL,0,0,0,0,NULL,NULL,NULL,NULL,NULL,NULL,NULL,NULL,NULL,NULL
2262,1235,12/12/19,593,NULL,2,NULL,0.0034,1.39,NULL,2.77,NULL,0.0623,0,44.45,3,NULL,NULL,NULL,NULL,NULL,NULL,NULL,NULL,NULL,NULL
2263,1248,12/12/19,14534,NULL,38,NULL,0.0026,1.42,NULL,53.82,NULL,0.3896,0,138.14,8,NULL,NULL,NULL,NULL,NULL,NULL,NULL,NULL,NULL,NULL
2264,1245,12/12/19,14216,NULL,18,NULL,0.0013,1.13,NULL,20.29,NULL,0.1414,0,143.52,3,NULL,NULL,NULL,NULL,NULL,NULL,NULL,NULL,NULL,NULL
2265,1252,12/12/19,357,NULL,2,NULL,0.0056,0.57,NULL,1.14,NULL,0.0423,0,26.97,2,NULL,NULL,NULL,NULL,NULL,NULL,NULL,NULL,NULL,NULL
2266,1223,12/12/19,437,NULL,0,NULL,0,0,NULL,0,NULL,0,0,0,0,NULL,NULL,NULL,NULL,NULL,NULL,NULL,NULL,NULL,NULL
2267,2042,12/12/19,40816,16743,61,38,0.0015,1.11,1.58,67.58,60,0.5671,0,119.17,10,NULL,NULL,NULL,NULL,NULL,NULL,NULL,NULL,NULL,NULL
2268,1246,12/12/19,732,NULL,2,NULL,0.0027,0.69,NULL,1.37,NULL,0.0251,0,54.54,3,NULL,NULL,NULL,NULL,NULL,NULL,NULL,NULL,NULL,NULL
2269,1230,12/12/19,891,NULL,0,NULL,0,0,NULL,0,NULL,0,0,0,0,NULL,NULL,NULL,NULL,NULL,NULL,NULL,NULL,NULL,NULL
2270,1249,12/12/19,104,NULL,1,NULL,0.0096,1.07,NULL,1.07,NULL,0,0,0,0,NULL,NULL,NULL,NULL,NULL,NULL,NULL,NULL,NULL,NULL
2271,1237,12/12/19,438,NULL,7,NULL,0.016,1.13,NULL,7.93,NULL,0.0705,0,112.44,6,NULL,NULL,NULL,NULL,NULL,NULL,NULL,NULL,NULL,NULL
2272,1233,12/12/19,2127,NULL,2,NULL,0.0009,1.11,NULL,2.21,NULL,0,0,0,0,NULL,NULL,NULL,NULL,NULL,NULL,NULL,NULL,NULL,NULL
2273,1237,12/13/19,455,NULL,3,NULL,0.0066,4.75,NULL,14.25,NULL,0.4355,0,32.72,2,NULL,NULL,NULL,NULL,NULL,NULL,NULL,NULL,NULL,NULL
2274,1239,12/13/19,706,NULL,11,NULL,0.0156,1.05,NULL,11.6,NULL,0.1647,0,70.44,5,NULL,NULL,NULL,NULL,NULL,NULL,NULL,NULL,NULL,NULL
2275,1243,12/13/19,67,NULL,0,NULL,0,0,NULL,0,NULL,0,0,0,0,NULL,NULL,NULL,NULL,NULL,NULL,NULL,NULL,NULL,NULL
2276,1249,12/13/19,21,NULL,0,NULL,0,0,NULL,0,NULL,0,0,0,0,NULL,NULL,NULL,NULL,NULL,NULL,NULL,NULL,NULL,NULL
2277,1252,12/13/19,195,NULL,0,NULL,0,0,NULL,0,NULL,0,0,0,0,NULL,NULL,NULL,NULL,NULL,NULL,NULL,NULL,NULL,NULL
2278,2042,12/13/19,25047,15666,46,49,0.0018,1.03,1.43,47.51,70.3,0.2599,0,182.82,11,NULL,NULL,NULL,NULL,NULL,NULL,NULL,NULL,NULL,NULL
2279,1232,12/13/19,65,NULL,0,NULL,0,0,NULL,0,NULL,0,0,0,0,NULL,NULL,NULL,NULL,NULL,NULL,NULL,NULL,NULL,NULL
2280,1238,12/13/19,32143,NULL,43,NULL,0.0013,1.51,NULL,64.74,NULL,0.8748,0,74.01,8,NULL,NULL,NULL,NULL,NULL,NULL,NULL,NULL,NULL,NULL
2281,1248,12/13/19,13606,NULL,33,NULL,0.0024,1.34,NULL,44.16,NULL,0.4591,0,96.19,6,NULL,NULL,NULL,NULL,NULL,NULL,NULL,NULL,NULL,NULL
2282,1235,12/13/19,528,NULL,3,NULL,0.0057,0.92,NULL,2.75,NULL,0.2419,0,11.37,3,NULL,NULL,NULL,NULL,NULL,NULL,NULL,NULL,NULL,NULL
2283,1233,12/13/19,196,NULL,0,NULL,0,0,NULL,0,NULL,0,0,0,0,NULL,NULL,NULL,NULL,NULL,NULL,NULL,NULL,NULL,NULL
2284,1223,12/13/19,328,NULL,1,NULL,0.0031,0.48,NULL,0.48,NULL,0,0,0,0,NULL,NULL,NULL,NULL,NULL,NULL,NULL,NULL,NULL,NULL
2285,1230,12/13/19,402,NULL,0,NULL,0,0,NULL,0,NULL,0,0,0,0,NULL,NULL,NULL,NULL,NULL,NULL,NULL,NULL,NULL,NULL
2286,1246,12/13/19,671,NULL,2,NULL,0.003,0.74,NULL,1.48,NULL,0,0,0,0,NULL,NULL,NULL,NULL,NULL,NULL,NULL,NULL,NULL,NULL
2287,1226,12/13/19,374,NULL,0,NULL,0,0,NULL,0,NULL,0,0,0,0,NULL,NULL,NULL,NULL,NULL,NULL,NULL,NULL,NULL,NULL
2288,1245,12/13/19,12708,NULL,17,NULL,0.0013,1.29,NULL,21.86,NULL,0.3046,0,71.76,3,NULL,NULL,NULL,NULL,NULL,NULL,NULL,NULL,NULL,NULL
2289,1237,12/14/19,0,NULL,0,NULL,0,0,NULL,0,NULL,0,0,32.99,1,NULL,NULL,NULL,NULL,NULL,NULL,NULL,NULL,NULL,NULL
2290,1238,12/14/19,0,NULL,0,NULL,0,0,NULL,0,NULL,0,0,0,0,NULL,NULL,NULL,NULL,NULL,NULL,NULL,NULL,NULL,NULL
2291,1239,12/15/19,456,NULL,14,NULL,0.0307,1.3,NULL,18.23,NULL,0.1584,0,115.12,7,NULL,NULL,NULL,NULL,NULL,NULL,NULL,NULL,NULL,NULL
2292,1233,12/15/19,1627,NULL,4,NULL,0.0025,1.23,NULL,4.9,NULL,1.2929,0,3.79,1,NULL,NULL,NULL,NULL,NULL,NULL,NULL,NULL,NULL,NULL
2293,1252,12/15/19,183,NULL,0,NULL,0,0,NULL,0,NULL,0,0,0,0,NULL,NULL,NULL,NULL,NULL,NULL,NULL,NULL,NULL,NULL
2294,1246,12/15/19,222,NULL,2,NULL,0.009,1.06,NULL,2.12,NULL,0,0,0,0,NULL,NULL,NULL,NULL,NULL,NULL,NULL,NULL,NULL,NULL
2295,1249,12/15/19,103,NULL,1,NULL,0.0097,0.36,NULL,0.36,NULL,0.0601,0,5.99,1,NULL,NULL,NULL,NULL,NULL,NULL,NULL,NULL,NULL,NULL
2296,1230,12/15/19,233,NULL,0,NULL,0,0,NULL,0,NULL,0,0,0,0,NULL,NULL,NULL,NULL,NULL,NULL,NULL,NULL,NULL,NULL
2297,1223,12/15/19,568,NULL,0,NULL,0,0,NULL,0,NULL,0,0,0,0,NULL,NULL,NULL,NULL,NULL,NULL,NULL,NULL,NULL,NULL
2298,1232,12/15/19,90,NULL,0,NULL,0,0,NULL,0,NULL,0,0,0,0,NULL,NULL,NULL,NULL,NULL,NULL,NULL,NULL,NULL,NULL
2299,1226,12/15/19,495,NULL,3,NULL,0.0061,0.66,NULL,1.97,NULL,0,0,0,0,NULL,NULL,NULL,NULL,NULL,NULL,NULL,NULL,NULL,NULL
2300,1238,12/15/19,11359,NULL,28,NULL,0.0025,1.86,NULL,52.13,NULL,0.8029,0,64.93,7,NULL,NULL,NULL,NULL,NULL,NULL,NULL,NULL,NULL,NULL
2301,1237,12/15/19,604,NULL,4,NULL,0.0066,1.67,NULL,6.67,NULL,0.1359,0,49.08,3,NULL,NULL,NULL,NULL,NULL,NULL,NULL,NULL,NULL,NULL
2302,1248,12/15/19,18572,NULL,34,NULL,0.0018,1.39,NULL,47.35,NULL,0.3504,0,135.14,8,NULL,NULL,NULL,NULL,NULL,NULL,NULL,NULL,NULL,NULL
2303,1235,12/15/19,443,NULL,11,NULL,0.0248,0.57,NULL,6.3,NULL,0.083,0,75.92,6,NULL,NULL,NULL,NULL,NULL,NULL,NULL,NULL,NULL,NULL
2304,1245,12/15/19,9944,NULL,16,NULL,0.0016,1.38,NULL,22.1,NULL,0,0,0,0,NULL,NULL,NULL,NULL,NULL,NULL,NULL,NULL,NULL,NULL
2305,2042,12/15/19,9227,16061,19,43,0.0021,1.41,1.54,26.74,66.01,1.8582,0,14.39,1,NULL,NULL,NULL,NULL,NULL,NULL,NULL,NULL,NULL,NULL
2306,1243,12/15/19,69,NULL,1,NULL,0.0145,2.05,NULL,2.05,NULL,0,0,0,0,NULL,NULL,NULL,NULL,NULL,NULL,NULL,NULL,NULL,NULL
2307,2042,12/16/19,16372,20633,32,65,0.002,1,1.56,32.11,101.46,0.2892,0,111.05,6,NULL,NULL,NULL,NULL,NULL,NULL,NULL,NULL,NULL,NULL
2308,1249,12/16/19,193,NULL,1,NULL,0.0052,0.57,NULL,0.57,NULL,0,0,0,0,NULL,NULL,NULL,NULL,NULL,NULL,NULL,NULL,NULL,NULL
2309,1232,12/16/19,374,NULL,0,NULL,0,0,NULL,0,NULL,0,0,0,0,NULL,NULL,NULL,NULL,NULL,NULL,NULL,NULL,NULL,NULL
2310,1246,12/16/19,294,NULL,3,NULL,0.0102,1.06,NULL,3.19,NULL,0.034,0,93.89,3,NULL,NULL,NULL,NULL,NULL,NULL,NULL,NULL,NULL,NULL
2311,1223,12/16/19,731,NULL,0,NULL,0,0,NULL,0,NULL,0,0,0,0,NULL,NULL,NULL,NULL,NULL,NULL,NULL,NULL,NULL,NULL
2312,1248,12/16/19,10554,NULL,38,NULL,0.0036,1.46,NULL,55.32,NULL,0.3103,0,178.26,9,NULL,NULL,NULL,NULL,NULL,NULL,NULL,NULL,NULL,NULL
2313,1239,12/16/19,592,NULL,8,NULL,0.0135,0.88,NULL,7.05,NULL,0.1201,0,58.71,4,NULL,NULL,NULL,NULL,NULL,NULL,NULL,NULL,NULL,NULL
2314,1238,12/16/19,15082,NULL,33,NULL,0.0022,1.71,NULL,56.48,NULL,0.3344,0,168.91,14,NULL,NULL,NULL,NULL,NULL,NULL,NULL,NULL,NULL,NULL
2315,1226,12/16/19,492,NULL,0,NULL,0,0,NULL,0,NULL,0,0,0,0,NULL,NULL,NULL,NULL,NULL,NULL,NULL,NULL,NULL,NULL
2316,1230,12/16/19,426,NULL,1,NULL,0.0024,0.5,NULL,0.5,NULL,0,0,0,0,NULL,NULL,NULL,NULL,NULL,NULL,NULL,NULL,NULL,NULL
2317,1237,12/16/19,645,NULL,4,NULL,0.0062,1.52,NULL,6.08,NULL,0,0,0,0,NULL,NULL,NULL,NULL,NULL,NULL,NULL,NULL,NULL,NULL
2318,1233,12/16/19,775,NULL,5,NULL,0.0065,1.17,NULL,5.83,NULL,0.1947,0,29.95,2,NULL,NULL,NULL,NULL,NULL,NULL,NULL,NULL,NULL,NULL
2319,1243,12/16/19,90,NULL,1,NULL,0.0111,1.47,NULL,1.47,NULL,0,0,0,0,NULL,NULL,NULL,NULL,NULL,NULL,NULL,NULL,NULL,NULL
2320,1235,12/16/19,700,NULL,11,NULL,0.0157,0.91,NULL,9.99,NULL,0.0841,0,118.78,8,NULL,NULL,NULL,NULL,NULL,NULL,NULL,NULL,NULL,NULL
2321,1252,12/16/19,235,NULL,2,NULL,0.0085,0.87,NULL,1.73,NULL,0,0,0,0,NULL,NULL,NULL,NULL,NULL,NULL,NULL,NULL,NULL,NULL
2322,1245,12/16/19,9895,NULL,18,NULL,0.0018,1.27,NULL,22.81,NULL,0.3793,0,60.13,3,NULL,NULL,NULL,NULL,NULL,NULL,NULL,NULL,NULL,NULL
2323,1226,12/17/19,429,NULL,1,NULL,0.0023,1.5,NULL,1.5,NULL,0,0,0,0,NULL,NULL,NULL,NULL,NULL,NULL,NULL,NULL,NULL,NULL
2324,1233,12/17/19,366,NULL,1,NULL,0.0027,1.21,NULL,1.21,NULL,0,0,0,0,NULL,NULL,NULL,NULL,NULL,NULL,NULL,NULL,NULL,NULL
2325,1252,12/17/19,161,NULL,2,NULL,0.0124,0.7,NULL,1.39,NULL,0.174,0,7.99,1,NULL,NULL,NULL,NULL,NULL,NULL,NULL,NULL,NULL,NULL
2326,1245,12/17/19,16008,NULL,24,NULL,0.0015,1.38,NULL,33.23,NULL,0.4546,0,73.09,3,NULL,NULL,NULL,NULL,NULL,NULL,NULL,NULL,NULL,NULL
2327,1243,12/17/19,73,NULL,0,NULL,0,0,NULL,0,NULL,0,0,0,0,NULL,NULL,NULL,NULL,NULL,NULL,NULL,NULL,NULL,NULL
2328,1223,12/17/19,556,NULL,1,NULL,0.0018,0.5,NULL,0.5,NULL,0,0,0,0,NULL,NULL,NULL,NULL,NULL,NULL,NULL,NULL,NULL,NULL
2329,2042,12/17/19,16765,18868,31,60,0.0019,1.35,1.63,41.73,97.75,0.3082,0,135.42,8,NULL,NULL,NULL,NULL,NULL,NULL,NULL,NULL,NULL,NULL
2330,1249,12/17/19,113,NULL,0,NULL,0,0,NULL,0,NULL,0,0,0,0,NULL,NULL,NULL,NULL,NULL,NULL,NULL,NULL,NULL,NULL
2331,1230,12/17/19,694,NULL,3,NULL,0.0043,0.47,NULL,1.41,NULL,0.0743,0,18.98,1,NULL,NULL,NULL,NULL,NULL,NULL,NULL,NULL,NULL,NULL
2332,1248,12/17/19,13467,NULL,38,NULL,0.0028,1.38,NULL,52.26,NULL,0.3763,0,138.87,8,NULL,NULL,NULL,NULL,NULL,NULL,NULL,NULL,NULL,NULL
2333,1246,12/17/19,140,NULL,2,NULL,0.0143,0.74,NULL,1.48,NULL,0.0273,0,54.14,2,NULL,NULL,NULL,NULL,NULL,NULL,NULL,NULL,NULL,NULL
2334,1238,12/17/19,14699,NULL,34,NULL,0.0023,1.69,NULL,57.34,NULL,0.5595,0,102.48,11,NULL,NULL,NULL,NULL,NULL,NULL,NULL,NULL,NULL,NULL
2335,1232,12/17/19,1342,NULL,0,NULL,0,0,NULL,0,NULL,0,0,0,0,NULL,NULL,NULL,NULL,NULL,NULL,NULL,NULL,NULL,NULL
2336,1239,12/17/19,458,NULL,12,NULL,0.0262,0.91,NULL,10.92,NULL,0.1717,0,63.61,4,NULL,NULL,NULL,NULL,NULL,NULL,NULL,NULL,NULL,NULL
2337,1235,12/17/19,337,NULL,7,NULL,0.0208,0.94,NULL,6.58,NULL,0.0867,0,75.92,6,NULL,NULL,NULL,NULL,NULL,NULL,NULL,NULL,NULL,NULL
2338,1237,12/17/19,440,NULL,9,NULL,0.0205,1.14,NULL,10.22,NULL,0.0867,0,117.92,6,NULL,NULL,NULL,NULL,NULL,NULL,NULL,NULL,NULL,NULL
2339,1235,12/18/19,349,NULL,7,NULL,0.0201,1.09,NULL,7.66,NULL,0.4036,0,18.98,1,NULL,NULL,NULL,NULL,NULL,NULL,NULL,NULL,NULL,NULL
2340,1226,12/18/19,624,NULL,5,NULL,0.008,1.16,NULL,5.82,NULL,0,0,0,0,NULL,NULL,NULL,NULL,NULL,NULL,NULL,NULL,NULL,NULL
2341,1239,12/18/19,304,NULL,9,NULL,0.0296,1.26,NULL,11.31,NULL,0.1101,0,102.7,5,NULL,NULL,NULL,NULL,NULL,NULL,NULL,NULL,NULL,NULL
2342,1238,12/18/19,9682,NULL,35,NULL,0.0036,1.54,NULL,53.9,NULL,1.0519,0,51.24,6,NULL,NULL,NULL,NULL,NULL,NULL,NULL,NULL,NULL,NULL
2343,1233,12/18/19,666,NULL,2,NULL,0.003,0.97,NULL,1.94,NULL,0.3239,0,5.99,1,NULL,NULL,NULL,NULL,NULL,NULL,NULL,NULL,NULL,NULL
2344,1243,12/18/19,66,NULL,1,NULL,0.0152,1.84,NULL,1.84,NULL,0,0,0,0,NULL,NULL,NULL,NULL,NULL,NULL,NULL,NULL,NULL,NULL
2345,1245,12/18/19,28291,NULL,24,NULL,0.0009,1.53,NULL,36.79,NULL,0.3728,0,98.69,5,NULL,NULL,NULL,NULL,NULL,NULL,NULL,NULL,NULL,NULL
2346,1249,12/18/19,160,NULL,2,NULL,0.0125,0.84,NULL,1.67,NULL,0,0,0,0,NULL,NULL,NULL,NULL,NULL,NULL,NULL,NULL,NULL,NULL
2347,1246,12/18/19,140,NULL,1,NULL,0.0071,0.88,NULL,0.88,NULL,0.0663,0,13.28,2,NULL,NULL,NULL,NULL,NULL,NULL,NULL,NULL,NULL,NULL
2348,1232,12/18/19,1178,NULL,0,NULL,0,0,NULL,0,NULL,0,0,0,0,NULL,NULL,NULL,NULL,NULL,NULL,NULL,NULL,NULL,NULL
2349,1252,12/18/19,244,NULL,0,NULL,0,0,NULL,0,NULL,0,0,0,0,NULL,NULL,NULL,NULL,NULL,NULL,NULL,NULL,NULL,NULL
2350,2042,12/18/19,10246,19151,12,36,0.0012,1.6,1.55,19.14,55.83,0.5201,0,36.8,2,NULL,NULL,NULL,NULL,NULL,NULL,NULL,NULL,NULL,NULL
2351,1237,12/18/19,341,NULL,2,NULL,0.0059,1.35,NULL,2.7,NULL,0,0,0,0,NULL,NULL,NULL,NULL,NULL,NULL,NULL,NULL,NULL,NULL
2352,1230,12/18/19,741,NULL,1,NULL,0.0014,1.23,NULL,1.23,NULL,0,0,0,0,NULL,NULL,NULL,NULL,NULL,NULL,NULL,NULL,NULL,NULL
2353,1248,12/18/19,19648,NULL,47,NULL,0.0024,1.49,NULL,69.83,NULL,0.2574,0,271.25,13,NULL,NULL,NULL,NULL,NULL,NULL,NULL,NULL,NULL,NULL
2354,1223,12/18/19,700,NULL,1,NULL,0.0014,0.49,NULL,0.49,NULL,0,0,0,0,NULL,NULL,NULL,NULL,NULL,NULL,NULL,NULL,NULL,NULL
2355,1226,12/19/19,483,NULL,0,NULL,0,0,NULL,0,NULL,0,0,0,0,NULL,NULL,NULL,NULL,NULL,NULL,NULL,NULL,NULL,NULL
2356,1245,12/19/19,32383,NULL,27,NULL,0.0008,1.44,NULL,38.84,NULL,0.7174,0,54.14,2,NULL,NULL,NULL,NULL,NULL,NULL,NULL,NULL,NULL,NULL
2357,1239,12/19/19,685,NULL,6,NULL,0.0088,1.16,NULL,6.96,NULL,0.1414,0,49.21,3,NULL,NULL,NULL,NULL,NULL,NULL,NULL,NULL,NULL,NULL
2358,1243,12/19/19,61,NULL,2,NULL,0.0328,1.28,NULL,2.56,NULL,0.0596,0,42.97,2,NULL,NULL,NULL,NULL,NULL,NULL,NULL,NULL,NULL,NULL
2359,2042,12/19/19,18419,20444,16,56,0.0009,1.13,1.72,18.08,96.5,0.2322,0,77.86,5,NULL,NULL,NULL,NULL,NULL,NULL,NULL,NULL,NULL,NULL
2360,1230,12/19/19,504,NULL,2,NULL,0.004,0.48,NULL,0.95,NULL,0.1001,0,9.49,1,NULL,NULL,NULL,NULL,NULL,NULL,NULL,NULL,NULL,NULL
2361,1233,12/19/19,1114,NULL,1,NULL,0.0009,1.25,NULL,1.25,NULL,0,0,0,0,NULL,NULL,NULL,NULL,NULL,NULL,NULL,NULL,NULL,NULL
2362,1235,12/19/19,408,NULL,2,NULL,0.0049,1.13,NULL,2.25,NULL,0,0,0,0,NULL,NULL,NULL,NULL,NULL,NULL,NULL,NULL,NULL,NULL
2363,1248,12/19/19,34213,NULL,59,NULL,0.0017,1.61,NULL,94.77,NULL,0.9581,0,98.91,5,NULL,NULL,NULL,NULL,NULL,NULL,NULL,NULL,NULL,NULL
2364,1252,12/19/19,200,NULL,0,NULL,0,0,NULL,0,NULL,0,0,0,0,NULL,NULL,NULL,NULL,NULL,NULL,NULL,NULL,NULL,NULL
2365,1237,12/19/19,485,NULL,5,NULL,0.0103,1.28,NULL,6.41,NULL,0.0643,0,99.66,4,NULL,NULL,NULL,NULL,NULL,NULL,NULL,NULL,NULL,NULL
2366,1232,12/19/19,106,NULL,0,NULL,0,0,NULL,0,NULL,0,0,0,0,NULL,NULL,NULL,NULL,NULL,NULL,NULL,NULL,NULL,NULL
2367,1223,12/19/19,975,NULL,1,NULL,0.001,0.49,NULL,0.49,NULL,0,0,0,0,NULL,NULL,NULL,NULL,NULL,NULL,NULL,NULL,NULL,NULL
2368,1246,12/19/19,150,NULL,5,NULL,0.0333,0.54,NULL,2.71,NULL,0.0327,0,82.92,4,NULL,NULL,NULL,NULL,NULL,NULL,NULL,NULL,NULL,NULL
2369,1249,12/19/19,93,NULL,0,NULL,0,0,NULL,0,NULL,0,0,0,0,NULL,NULL,NULL,NULL,NULL,NULL,NULL,NULL,NULL,NULL
2370,1238,12/19/19,7622,NULL,34,NULL,0.0045,1.64,NULL,55.92,NULL,0.8418,0,66.43,7,NULL,NULL,NULL,NULL,NULL,NULL,NULL,NULL,NULL,NULL
2371,1249,12/20/19,75,NULL,0,NULL,0,0,NULL,0,NULL,0,0,0,0,NULL,NULL,NULL,NULL,NULL,NULL,NULL,NULL,NULL,NULL
2372,1245,12/20/19,14145,NULL,9,NULL,0.0006,1.72,NULL,15.52,NULL,0.4695,0,33.06,2,NULL,NULL,NULL,NULL,NULL,NULL,NULL,NULL,NULL,NULL
2373,1252,12/20/19,89,NULL,0,NULL,0,0,NULL,0,NULL,0,0,0,0,NULL,NULL,NULL,NULL,NULL,NULL,NULL,NULL,NULL,NULL
2374,1243,12/20/19,30,NULL,0,NULL,0,0,NULL,0,NULL,0,0,0,0,NULL,NULL,NULL,NULL,NULL,NULL,NULL,NULL,NULL,NULL
2375,2042,12/20/19,12193,13074,12,36,0.001,1.01,1.66,12.06,59.63,0.3686,0,32.72,2,NULL,NULL,NULL,NULL,NULL,NULL,NULL,NULL,NULL,NULL
2376,1233,12/20/19,407,NULL,1,NULL,0.0025,1.2,NULL,1.2,NULL,0,0,0,0,NULL,NULL,NULL,NULL,NULL,NULL,NULL,NULL,NULL,NULL
2377,1230,12/20/19,178,NULL,0,NULL,0,0,NULL,0,NULL,0,0,0,0,NULL,NULL,NULL,NULL,NULL,NULL,NULL,NULL,NULL,NULL
2378,1237,12/20/19,387,NULL,4,NULL,0.0103,1.06,NULL,4.23,NULL,0.0512,0,82.55,4,NULL,NULL,NULL,NULL,NULL,NULL,NULL,NULL,NULL,NULL
2379,1239,12/20/19,245,NULL,6,NULL,0.0245,1.35,NULL,8.08,NULL,0.1123,0,71.95,4,NULL,NULL,NULL,NULL,NULL,NULL,NULL,NULL,NULL,NULL
2380,1238,12/20/19,4890,NULL,14,NULL,0.0029,2.28,NULL,31.92,NULL,0.8409,0,37.96,4,NULL,NULL,NULL,NULL,NULL,NULL,NULL,NULL,NULL,NULL
2381,1248,12/20/19,11744,NULL,30,NULL,0.0026,1.55,NULL,46.37,NULL,0.2695,0,172.09,10,NULL,NULL,NULL,NULL,NULL,NULL,NULL,NULL,NULL,NULL
2382,1226,12/20/19,254,NULL,0,NULL,0,0,NULL,0,NULL,0,0,0,0,NULL,NULL,NULL,NULL,NULL,NULL,NULL,NULL,NULL,NULL
2383,1235,12/20/19,188,NULL,2,NULL,0.0106,0.77,NULL,1.53,NULL,0.1612,0,9.49,1,NULL,NULL,NULL,NULL,NULL,NULL,NULL,NULL,NULL,NULL
2384,1232,12/20/19,46,NULL,1,NULL,0.0217,4.71,NULL,4.71,NULL,0,0,0,0,NULL,NULL,NULL,NULL,NULL,NULL,NULL,NULL,NULL,NULL
2385,1246,12/20/19,49,NULL,0,NULL,0,0,NULL,0,NULL,0,0,0,0,NULL,NULL,NULL,NULL,NULL,NULL,NULL,NULL,NULL,NULL
2386,1223,12/20/19,524,NULL,0,NULL,0,0,NULL,0,NULL,0,0,0,0,NULL,NULL,NULL,NULL,NULL,NULL,NULL,NULL,NULL,NULL
2387,1246,12/22/19,233,NULL,3,NULL,0.0129,1.22,NULL,3.65,NULL,0.1348,0,27.07,1,NULL,NULL,NULL,NULL,NULL,NULL,NULL,NULL,NULL,NULL
2388,1223,12/22/19,638,NULL,0,NULL,0,0,NULL,0,NULL,0,0,0,0,NULL,NULL,NULL,NULL,NULL,NULL,NULL,NULL,NULL,NULL
2389,1243,12/22/19,79,NULL,1,NULL,0.0127,1.65,NULL,1.65,NULL,0.0835,0,19.76,1,NULL,NULL,NULL,NULL,NULL,NULL,NULL,NULL,NULL,NULL
2390,1237,12/22/19,393,NULL,7,NULL,0.0178,1.12,NULL,7.82,NULL,0.1569,0,49.83,2,NULL,NULL,NULL,NULL,NULL,NULL,NULL,NULL,NULL,NULL
2391,1235,12/22/19,411,NULL,3,NULL,0.0073,1.17,NULL,3.5,NULL,0.2432,0,14.39,1,NULL,NULL,NULL,NULL,NULL,NULL,NULL,NULL,NULL,NULL
2392,1230,12/22/19,1340,NULL,2,NULL,0.0015,0.55,NULL,1.09,NULL,0,0,0,0,NULL,NULL,NULL,NULL,NULL,NULL,NULL,NULL,NULL,NULL
2393,1238,12/22/19,14519,NULL,34,NULL,0.0023,1.85,NULL,62.79,NULL,0.866,0,72.51,11,NULL,NULL,NULL,NULL,NULL,NULL,NULL,NULL,NULL,NULL
2394,1226,12/22/19,495,NULL,0,NULL,0,0,NULL,0,NULL,0,0,0,0,NULL,NULL,NULL,NULL,NULL,NULL,NULL,NULL,NULL,NULL
2395,1248,12/22/19,19856,NULL,58,NULL,0.0029,1.55,NULL,89.65,NULL,0.5154,0,173.96,11,NULL,NULL,NULL,NULL,NULL,NULL,NULL,NULL,NULL,NULL
2396,1249,12/22/19,166,NULL,1,NULL,0.006,1.21,NULL,1.21,NULL,0.0782,0,15.48,2,NULL,NULL,NULL,NULL,NULL,NULL,NULL,NULL,NULL,NULL
2397,1252,12/22/19,154,NULL,1,NULL,0.0065,0.25,NULL,0.25,NULL,0.0313,0,7.99,1,NULL,NULL,NULL,NULL,NULL,NULL,NULL,NULL,NULL,NULL
2398,1232,12/22/19,68,NULL,0,NULL,0,0,NULL,0,NULL,0,0,0,0,NULL,NULL,NULL,NULL,NULL,NULL,NULL,NULL,NULL,NULL
2399,1239,12/22/19,391,NULL,10,NULL,0.0256,0.59,NULL,5.91,NULL,0.2127,0,27.79,3,NULL,NULL,NULL,NULL,NULL,NULL,NULL,NULL,NULL,NULL
2400,1245,12/22/19,18544,NULL,26,NULL,0.0014,1.47,NULL,38.19,NULL,0.3886,0,98.28,5,NULL,NULL,NULL,NULL,NULL,NULL,NULL,NULL,NULL,NULL
2401,2042,12/22/19,2704,10737,1,25,0.0004,0.68,1.39,0.68,34.8,0,0,0,0,NULL,NULL,NULL,NULL,NULL,NULL,NULL,NULL,NULL,NULL
2402,1233,12/22/19,1213,NULL,1,NULL,0.0008,1.45,NULL,1.45,NULL,0,0,0,0,NULL,NULL,NULL,NULL,NULL,NULL,NULL,NULL,NULL,NULL
2403,1246,12/23/19,197,NULL,1,NULL,0.0051,0.5,NULL,0.5,NULL,0,0,0,0,NULL,NULL,NULL,NULL,NULL,NULL,NULL,NULL,NULL,NULL
2404,1248,12/23/19,14399,NULL,37,NULL,0.0026,1.55,NULL,57.27,NULL,0.3813,0,150.18,8,NULL,NULL,NULL,NULL,NULL,NULL,NULL,NULL,NULL,NULL
2405,1233,12/23/19,992,NULL,2,NULL,0.002,1.3,NULL,2.59,NULL,0.4324,0,5.99,1,NULL,NULL,NULL,NULL,NULL,NULL,NULL,NULL,NULL,NULL
2406,1243,12/23/19,57,NULL,0,NULL,0,0,NULL,0,NULL,0,0,0,0,NULL,NULL,NULL,NULL,NULL,NULL,NULL,NULL,NULL,NULL
2407,1230,12/23/19,936,NULL,1,NULL,0.0011,0.4,NULL,0.4,NULL,0.1055,0,3.79,1,NULL,NULL,NULL,NULL,NULL,NULL,NULL,NULL,NULL,NULL
2408,1238,12/23/19,11120,NULL,17,NULL,0.0015,1.82,NULL,30.9,NULL,0.603,0,51.24,6,NULL,NULL,NULL,NULL,NULL,NULL,NULL,NULL,NULL,NULL
2409,1239,12/23/19,548,NULL,6,NULL,0.011,0.65,NULL,3.92,NULL,0.0786,0,49.87,5,NULL,NULL,NULL,NULL,NULL,NULL,NULL,NULL,NULL,NULL
2410,1226,12/23/19,461,NULL,1,NULL,0.0022,0.08,NULL,0.08,NULL,0,0,0,0,NULL,NULL,NULL,NULL,NULL,NULL,NULL,NULL,NULL,NULL
2411,1223,12/23/19,493,NULL,0,NULL,0,0,NULL,0,NULL,0,0,0,0,NULL,NULL,NULL,NULL,NULL,NULL,NULL,NULL,NULL,NULL
2412,1237,12/23/19,496,NULL,4,NULL,0.0081,0.88,NULL,3.51,NULL,0.4393,0,7.99,1,NULL,NULL,NULL,NULL,NULL,NULL,NULL,NULL,NULL,NULL
2413,1249,12/23/19,123,NULL,0,NULL,0,0,NULL,0,NULL,0,0,0,0,NULL,NULL,NULL,NULL,NULL,NULL,NULL,NULL,NULL,NULL
2414,2042,12/23/19,1905,8536,2,28,0.0011,0.78,1.44,1.55,40.22,0.0947,0,16.36,1,NULL,NULL,NULL,NULL,NULL,NULL,NULL,NULL,NULL,NULL
2415,1245,12/23/19,22450,NULL,21,NULL,0.0009,1.55,NULL,32.65,NULL,1.7202,0,18.98,2,NULL,NULL,NULL,NULL,NULL,NULL,NULL,NULL,NULL,NULL
2416,1232,12/23/19,31,NULL,0,NULL,0,0,NULL,0,NULL,0,0,0,0,NULL,NULL,NULL,NULL,NULL,NULL,NULL,NULL,NULL,NULL
2417,1252,12/23/19,128,NULL,2,NULL,0.0156,0.75,NULL,1.49,NULL,0,0,0,0,NULL,NULL,NULL,NULL,NULL,NULL,NULL,NULL,NULL,NULL
2418,1235,12/23/19,432,NULL,4,NULL,0.0093,1.33,NULL,5.33,NULL,0,0,0,0,NULL,NULL,NULL,NULL,NULL,NULL,NULL,NULL,NULL,NULL
2419,1246,12/24/19,104,NULL,2,NULL,0.0192,1.04,NULL,2.08,NULL,0,0,0,0,NULL,NULL,NULL,NULL,NULL,NULL,NULL,NULL,NULL,NULL
2420,1230,12/24/19,557,NULL,0,NULL,0,0,NULL,0,NULL,0,0,0,0,NULL,NULL,NULL,NULL,NULL,NULL,NULL,NULL,NULL,NULL
2421,1232,12/24/19,18,NULL,0,NULL,0,0,NULL,0,NULL,0,0,0,0,NULL,NULL,NULL,NULL,NULL,NULL,NULL,NULL,NULL,NULL
2422,1243,12/24/19,39,NULL,0,NULL,0,0,NULL,0,NULL,0,0,0,0,NULL,NULL,NULL,NULL,NULL,NULL,NULL,NULL,NULL,NULL
2423,1252,12/24/19,88,NULL,1,NULL,0.0114,1.81,NULL,1.81,NULL,0.2265,0,7.99,1,NULL,NULL,NULL,NULL,NULL,NULL,NULL,NULL,NULL,NULL
2424,1239,12/24/19,263,NULL,3,NULL,0.0114,0.33,NULL,1,NULL,0.0411,0,24.33,3,NULL,NULL,NULL,NULL,NULL,NULL,NULL,NULL,NULL,NULL
2425,1245,12/24/19,14137,NULL,18,NULL,0.0013,1.53,NULL,27.57,NULL,0.4585,0,60.13,3,NULL,NULL,NULL,NULL,NULL,NULL,NULL,NULL,NULL,NULL
2426,1238,12/24/19,7061,NULL,7,NULL,0.001,1.57,NULL,11,NULL,0.5796,0,18.98,2,NULL,NULL,NULL,NULL,NULL,NULL,NULL,NULL,NULL,NULL
2427,1226,12/24/19,274,NULL,0,NULL,0,0,NULL,0,NULL,0,0,0,0,NULL,NULL,NULL,NULL,NULL,NULL,NULL,NULL,NULL,NULL
2428,1249,12/24/19,68,NULL,2,NULL,0.0294,0.96,NULL,1.91,NULL,0.2013,0,9.49,1,NULL,NULL,NULL,NULL,NULL,NULL,NULL,NULL,NULL,NULL
2429,1233,12/24/19,732,NULL,1,NULL,0.0014,1.32,NULL,1.32,NULL,0.2204,0,5.99,1,NULL,NULL,NULL,NULL,NULL,NULL,NULL,NULL,NULL,NULL
2430,1223,12/24/19,361,NULL,0,NULL,0,0,NULL,0,NULL,0,0,0,0,NULL,NULL,NULL,NULL,NULL,NULL,NULL,NULL,NULL,NULL
2431,1248,12/24/19,7299,NULL,13,NULL,0.0018,1.67,NULL,21.77,NULL,1.128,0,19.3,1,NULL,NULL,NULL,NULL,NULL,NULL,NULL,NULL,NULL,NULL
2432,2042,12/24/19,923,6920,0,21,0,0,1.36,0,28.46,0,0,0,0,NULL,NULL,NULL,NULL,NULL,NULL,NULL,NULL,NULL,NULL
2433,1235,12/24/19,231,NULL,0,NULL,0,0,NULL,0,NULL,0,0,0,0,NULL,NULL,NULL,NULL,NULL,NULL,NULL,NULL,NULL,NULL
2434,1237,12/24/19,253,NULL,4,NULL,0.0158,0.91,NULL,3.63,NULL,0.1261,0,28.79,2,NULL,NULL,NULL,NULL,NULL,NULL,NULL,NULL,NULL,NULL
2435,1248,12/25/19,8842,NULL,7,NULL,0.0008,1.62,NULL,11.31,NULL,0.586,0,19.3,1,NULL,NULL,NULL,NULL,NULL,NULL,NULL,NULL,NULL,NULL
2436,1243,12/25/19,55,NULL,0,NULL,0,0,NULL,0,NULL,0,0,0,0,NULL,NULL,NULL,NULL,NULL,NULL,NULL,NULL,NULL,NULL
2437,1239,12/25/19,289,NULL,4,NULL,0.0138,0.73,NULL,2.91,NULL,0.2022,0,14.39,1,NULL,NULL,NULL,NULL,NULL,NULL,NULL,NULL,NULL,NULL
2438,1226,12/25/19,302,NULL,0,NULL,0,0,NULL,0,NULL,0,0,0,0,NULL,NULL,NULL,NULL,NULL,NULL,NULL,NULL,NULL,NULL
2439,1238,12/25/19,7956,NULL,20,NULL,0.0025,1.81,NULL,36.18,NULL,0.9531,0,37.96,4,NULL,NULL,NULL,NULL,NULL,NULL,NULL,NULL,NULL,NULL
2440,1246,12/25/19,122,NULL,0,NULL,0,0,NULL,0,NULL,0,0,0,0,NULL,NULL,NULL,NULL,NULL,NULL,NULL,NULL,NULL,NULL
2441,1230,12/25/19,451,NULL,0,NULL,0,0,NULL,0,NULL,0,0,0,0,NULL,NULL,NULL,NULL,NULL,NULL,NULL,NULL,NULL,NULL
2442,1237,12/25/19,301,NULL,1,NULL,0.0033,2.31,NULL,2.31,NULL,0,0,0,0,NULL,NULL,NULL,NULL,NULL,NULL,NULL,NULL,NULL,NULL
2443,1232,12/25/19,25,NULL,0,NULL,0,0,NULL,0,NULL,0,0,0,0,NULL,NULL,NULL,NULL,NULL,NULL,NULL,NULL,NULL,NULL
2444,1235,12/25/19,244,NULL,2,NULL,0.0082,1.14,NULL,2.27,NULL,0.0689,0,32.96,4,NULL,NULL,NULL,NULL,NULL,NULL,NULL,NULL,NULL,NULL
2445,1223,12/25/19,343,NULL,1,NULL,0.0029,0.5,NULL,0.5,NULL,0,0,0,0,NULL,NULL,NULL,NULL,NULL,NULL,NULL,NULL,NULL,NULL
2446,1233,12/25/19,417,NULL,2,NULL,0.0048,1.39,NULL,2.77,NULL,0,0,0,0,NULL,NULL,NULL,NULL,NULL,NULL,NULL,NULL,NULL,NULL
2447,1249,12/25/19,63,NULL,0,NULL,0,0,NULL,0,NULL,0,0,0,0,NULL,NULL,NULL,NULL,NULL,NULL,NULL,NULL,NULL,NULL
2448,1245,12/25/19,17280,NULL,10,NULL,0.0006,1.59,NULL,15.92,NULL,0,0,0,0,NULL,NULL,NULL,NULL,NULL,NULL,NULL,NULL,NULL,NULL
2449,1252,12/25/19,139,NULL,1,NULL,0.0072,0.56,NULL,0.56,NULL,0,0,0,0,NULL,NULL,NULL,NULL,NULL,NULL,NULL,NULL,NULL,NULL
2450,2042,12/25/19,1182,8450,0,20,0,0,1.7,0,33.96,0,0,0,0,NULL,NULL,NULL,NULL,NULL,NULL,NULL,NULL,NULL,NULL
2451,1239,12/26/19,412,NULL,7,NULL,0.017,0.98,NULL,6.87,NULL,0.3873,0,17.74,2,NULL,NULL,NULL,NULL,NULL,NULL,NULL,NULL,NULL,NULL
2452,1249,12/26/19,109,NULL,0,NULL,0,0,NULL,0,NULL,0,0,0,0,NULL,NULL,NULL,NULL,NULL,NULL,NULL,NULL,NULL,NULL
2453,1235,12/26/19,486,NULL,5,NULL,0.0103,1.04,NULL,5.21,NULL,0.2498,0,20.86,2,NULL,NULL,NULL,NULL,NULL,NULL,NULL,NULL,NULL,NULL
2454,1248,12/26/19,19653,NULL,44,NULL,0.0022,1.57,NULL,69.14,NULL,0.684,0,101.08,6,NULL,NULL,NULL,NULL,NULL,NULL,NULL,NULL,NULL,NULL
2455,1238,12/26/19,17730,NULL,60,NULL,0.0034,1.93,NULL,115.56,NULL,0.7614,0,151.78,15,NULL,NULL,NULL,NULL,NULL,NULL,NULL,NULL,NULL,NULL
2456,1223,12/26/19,554,NULL,3,NULL,0.0054,0.5,NULL,1.49,NULL,0,0,0,0,NULL,NULL,NULL,NULL,NULL,NULL,NULL,NULL,NULL,NULL
2457,1237,12/26/19,557,NULL,1,NULL,0.0018,1.38,NULL,1.38,NULL,0.0171,0,80.66,6,NULL,NULL,NULL,NULL,NULL,NULL,NULL,NULL,NULL,NULL
2458,1233,12/26/19,2127,NULL,2,NULL,0.0009,1.39,NULL,2.78,NULL,0,0,0,0,NULL,NULL,NULL,NULL,NULL,NULL,NULL,NULL,NULL,NULL
2459,1230,12/26/19,2102,NULL,2,NULL,0.001,0.56,NULL,1.12,NULL,0.0843,0,13.28,2,NULL,NULL,NULL,NULL,NULL,NULL,NULL,NULL,NULL,NULL
2460,1243,12/26/19,57,NULL,2,NULL,0.0351,1.03,NULL,2.06,NULL,0.1043,0,19.76,1,NULL,NULL,NULL,NULL,NULL,NULL,NULL,NULL,NULL,NULL
2461,1246,12/26/19,104,NULL,0,NULL,0,0,NULL,0,NULL,0,0,0,0,NULL,NULL,NULL,NULL,NULL,NULL,NULL,NULL,NULL,NULL
2462,2042,12/26/19,2071,11385,1,33,0.0005,1.39,1.49,1.39,49.07,0,0,0,0,NULL,NULL,NULL,NULL,NULL,NULL,NULL,NULL,NULL,NULL
2463,1245,12/26/19,29481,NULL,18,NULL,0.0006,2.36,NULL,42.49,NULL,0,0,0,0,NULL,NULL,NULL,NULL,NULL,NULL,NULL,NULL,NULL,NULL
2464,1252,12/26/19,216,NULL,2,NULL,0.0093,1.58,NULL,3.16,NULL,0,0,0,0,NULL,NULL,NULL,NULL,NULL,NULL,NULL,NULL,NULL,NULL
2465,1226,12/26/19,397,NULL,1,NULL,0.0025,0.22,NULL,0.22,NULL,0,0,0,0,NULL,NULL,NULL,NULL,NULL,NULL,NULL,NULL,NULL,NULL
2466,1232,12/26/19,25,NULL,0,NULL,0,0,NULL,0,NULL,0,0,0,0,NULL,NULL,NULL,NULL,NULL,NULL,NULL,NULL,NULL,NULL
2467,1233,12/27/19,180,NULL,1,NULL,0.0056,0.86,NULL,0.86,NULL,0,0,0,0,NULL,NULL,NULL,NULL,NULL,NULL,NULL,NULL,NULL,NULL
2468,1238,12/27/19,25700,NULL,77,NULL,0.003,1.93,NULL,148.76,NULL,0.8575,0,173.49,19,NULL,NULL,NULL,NULL,NULL,NULL,NULL,NULL,NULL,NULL
2469,1230,12/27/19,1999,NULL,1,NULL,0.0005,0.5,NULL,0.5,NULL,0,0,0,0,NULL,NULL,NULL,NULL,NULL,NULL,NULL,NULL,NULL,NULL
2470,1252,12/27/19,280,NULL,3,NULL,0.0107,1.17,NULL,3.51,NULL,0,0,0,0,NULL,NULL,NULL,NULL,NULL,NULL,NULL,NULL,NULL,NULL
2471,1239,12/27/19,327,NULL,3,NULL,0.0092,0.92,NULL,2.76,NULL,0.0959,0,28.78,2,NULL,NULL,NULL,NULL,NULL,NULL,NULL,NULL,NULL,NULL
2472,1243,12/27/19,43,NULL,0,NULL,0,0,NULL,0,NULL,0,0,0,0,NULL,NULL,NULL,NULL,NULL,NULL,NULL,NULL,NULL,NULL
2473,2042,12/27/19,2817,12418,4,45,0.0014,0.92,1.41,3.69,63.32,0,0,0,0,NULL,NULL,NULL,NULL,NULL,NULL,NULL,NULL,NULL,NULL
2474,1248,12/27/19,21833,NULL,45,NULL,0.0021,1.64,NULL,73.59,NULL,0.8054,0,91.37,4,NULL,NULL,NULL,NULL,NULL,NULL,NULL,NULL,NULL,NULL
2475,1235,12/27/19,562,NULL,8,NULL,0.0142,0.94,NULL,7.52,NULL,0.05,0,150.34,6,NULL,NULL,NULL,NULL,NULL,NULL,NULL,NULL,NULL,NULL
2476,1226,12/27/19,412,NULL,1,NULL,0.0024,0.37,NULL,0.37,NULL,0,0,0,0,NULL,NULL,NULL,NULL,NULL,NULL,NULL,NULL,NULL,NULL
2477,1246,12/27/19,226,NULL,2,NULL,0.0089,0.87,NULL,1.73,NULL,0,0,0,0,NULL,NULL,NULL,NULL,NULL,NULL,NULL,NULL,NULL,NULL
2478,1223,12/27/19,529,NULL,0,NULL,0,0,NULL,0,NULL,0,0,0,0,NULL,NULL,NULL,NULL,NULL,NULL,NULL,NULL,NULL,NULL
2479,1245,12/27/19,34455,NULL,13,NULL,0.0004,3.05,NULL,39.68,NULL,0.9571,0,41.46,2,NULL,NULL,NULL,NULL,NULL,NULL,NULL,NULL,NULL,NULL
2480,1232,12/27/19,51,NULL,0,NULL,0,0,NULL,0,NULL,0,0,0,0,NULL,NULL,NULL,NULL,NULL,NULL,NULL,NULL,NULL,NULL
2481,1237,12/27/19,520,NULL,2,NULL,0.0039,1.55,NULL,3.1,NULL,0.1606,0,19.3,1,NULL,NULL,NULL,NULL,NULL,NULL,NULL,NULL,NULL,NULL
2482,1249,12/27/19,3,NULL,0,NULL,0,0,NULL,0,NULL,0,0,0,0,NULL,NULL,NULL,NULL,NULL,NULL,NULL,NULL,NULL,NULL
2483,1246,12/28/19,22,NULL,0,NULL,0,0,NULL,0,NULL,0,0,66.98,4,NULL,NULL,NULL,NULL,NULL,NULL,NULL,NULL,NULL,NULL
2484,1235,12/28/19,171,NULL,1,NULL,0.0059,0.57,NULL,0.57,NULL,0.0601,0,9.49,1,NULL,NULL,NULL,NULL,NULL,NULL,NULL,NULL,NULL,NULL
2485,1239,12/28/19,80,NULL,2,NULL,0.025,0.85,NULL,1.69,NULL,0.0801,0,21.09,2,NULL,NULL,NULL,NULL,NULL,NULL,NULL,NULL,NULL,NULL
2486,1248,12/28/19,3133,NULL,9,NULL,0.0029,1.25,NULL,11.26,NULL,0.1945,0,57.9,3,NULL,NULL,NULL,NULL,NULL,NULL,NULL,NULL,NULL,NULL
2487,1223,12/28/19,121,NULL,1,NULL,0.0083,0.47,NULL,0.47,NULL,0,0,0,0,NULL,NULL,NULL,NULL,NULL,NULL,NULL,NULL,NULL,NULL
2488,1233,12/28/19,165,NULL,0,NULL,0,0,NULL,0,NULL,0,0,0,0,NULL,NULL,NULL,NULL,NULL,NULL,NULL,NULL,NULL,NULL
2489,1249,12/28/19,3,NULL,0,NULL,0,0,NULL,0,NULL,0,0,0,0,NULL,NULL,NULL,NULL,NULL,NULL,NULL,NULL,NULL,NULL
2490,1226,12/28/19,149,NULL,0,NULL,0,0,NULL,0,NULL,0,0,0,0,NULL,NULL,NULL,NULL,NULL,NULL,NULL,NULL,NULL,NULL
2491,1245,12/28/19,23400,NULL,13,NULL,0.0006,2.65,NULL,34.42,NULL,1.2715,0,27.07,1,NULL,NULL,NULL,NULL,NULL,NULL,NULL,NULL,NULL,NULL
2492,1238,12/28/19,7509,NULL,21,NULL,0.0028,2.69,NULL,56.46,NULL,0.8265,0,68.31,8,NULL,NULL,NULL,NULL,NULL,NULL,NULL,NULL,NULL,NULL
2493,1243,12/28/19,11,NULL,0,NULL,0,0,NULL,0,NULL,0,0,0,0,NULL,NULL,NULL,NULL,NULL,NULL,NULL,NULL,NULL,NULL
2494,2042,12/28/19,501,13171,0,31,0,0,1.49,0,46.16,0,0,0,0,NULL,NULL,NULL,NULL,NULL,NULL,NULL,NULL,NULL,NULL
2495,1252,12/28/19,46,NULL,0,NULL,0,0,NULL,0,NULL,0,0,0,0,NULL,NULL,NULL,NULL,NULL,NULL,NULL,NULL,NULL,NULL
2496,1232,12/28/19,26,NULL,0,NULL,0,0,NULL,0,NULL,0,0,0,0,NULL,NULL,NULL,NULL,NULL,NULL,NULL,NULL,NULL,NULL
2497,1230,12/28/19,368,NULL,0,NULL,0,0,NULL,0,NULL,0,0,0,0,NULL,NULL,NULL,NULL,NULL,NULL,NULL,NULL,NULL,NULL
2498,1237,12/28/19,109,NULL,3,NULL,0.0275,1.4,NULL,4.2,NULL,0.098,0,42.87,2,NULL,NULL,NULL,NULL,NULL,NULL,NULL,NULL,NULL,NULL
2499,1230,12/29/19,2930,NULL,1,NULL,0.0003,0.48,NULL,0.48,NULL,0,0,0,0,NULL,NULL,NULL,NULL,NULL,NULL,NULL,NULL,NULL,NULL
2500,1238,12/29/19,20672,NULL,64,NULL,0.0031,2.07,NULL,132.6,NULL,0.9133,0,145.19,20,NULL,NULL,NULL,NULL,NULL,NULL,NULL,NULL,NULL,NULL
2501,1223,12/29/19,830,NULL,0,NULL,0,0,NULL,0,NULL,0,0,0,0,NULL,NULL,NULL,NULL,NULL,NULL,NULL,NULL,NULL,NULL
2502,1237,12/29/19,302,NULL,2,NULL,0.0066,2.05,NULL,4.1,NULL,0.073,0,56.18,2,NULL,NULL,NULL,NULL,NULL,NULL,NULL,NULL,NULL,NULL
2503,1243,12/29/19,64,NULL,0,NULL,0,0,NULL,0,NULL,0,0,0,0,NULL,NULL,NULL,NULL,NULL,NULL,NULL,NULL,NULL,NULL
2504,1235,12/29/19,636,NULL,2,NULL,0.0031,1.65,NULL,3.3,NULL,0.8707,0,3.79,1,NULL,NULL,NULL,NULL,NULL,NULL,NULL,NULL,NULL,NULL
2505,1245,12/29/19,12381,NULL,15,NULL,0.0012,2.92,NULL,43.84,NULL,0,0,0,0,NULL,NULL,NULL,NULL,NULL,NULL,NULL,NULL,NULL,NULL
2506,1239,12/29/19,273,NULL,3,NULL,0.011,0.71,NULL,2.14,NULL,0.1487,0,14.39,1,NULL,NULL,NULL,NULL,NULL,NULL,NULL,NULL,NULL,NULL
2507,2042,12/29/19,4179,10564,6,35,0.0014,1.08,1.26,6.49,44.15,0,0,0,0,NULL,NULL,NULL,NULL,NULL,NULL,NULL,NULL,NULL,NULL
2508,1226,12/29/19,624,NULL,0,NULL,0,0,NULL,0,NULL,0,0,0,0,NULL,NULL,NULL,NULL,NULL,NULL,NULL,NULL,NULL,NULL
2509,1248,12/29/19,19668,NULL,51,NULL,0.0026,1.59,NULL,80.93,NULL,0.4232,0,191.22,10,NULL,NULL,NULL,NULL,NULL,NULL,NULL,NULL,NULL,NULL
2510,1246,12/29/19,500,NULL,1,NULL,0.002,1.16,NULL,1.16,NULL,0,0,0,0,NULL,NULL,NULL,NULL,NULL,NULL,NULL,NULL,NULL,NULL
2511,1249,12/29/19,1,NULL,0,NULL,0,0,NULL,0,NULL,0,0,0,0,NULL,NULL,NULL,NULL,NULL,NULL,NULL,NULL,NULL,NULL
2512,1232,12/29/19,45,NULL,0,NULL,0,0,NULL,0,NULL,0,0,0,0,NULL,NULL,NULL,NULL,NULL,NULL,NULL,NULL,NULL,NULL
2513,1252,12/29/19,228,NULL,0,NULL,0,0,NULL,0,NULL,0,0,0,0,NULL,NULL,NULL,NULL,NULL,NULL,NULL,NULL,NULL,NULL
2514,1233,12/29/19,20,NULL,0,NULL,0,0,NULL,0,NULL,0,0,0,0,NULL,NULL,NULL,NULL,NULL,NULL,NULL,NULL,NULL,NULL
2515,1238,12/30/19,33460,NULL,76,NULL,0.0023,2.16,NULL,163.85,NULL,0.8552,0,191.59,25,NULL,NULL,NULL,NULL,NULL,NULL,NULL,NULL,NULL,NULL
2516,2042,12/30/19,3343,12526,1,53,0.0003,0.8,1.7,0.8,90.27,0,0,0,0,NULL,NULL,NULL,NULL,NULL,NULL,NULL,NULL,NULL,NULL
2517,1252,12/30/19,380,NULL,3,NULL,0.0079,1.02,NULL,3.05,NULL,0.3817,0,7.99,1,NULL,NULL,NULL,NULL,NULL,NULL,NULL,NULL,NULL,NULL
2518,1233,12/30/19,51,NULL,0,NULL,0,0,NULL,0,NULL,0,0,0,0,NULL,NULL,NULL,NULL,NULL,NULL,NULL,NULL,NULL,NULL
2519,1249,12/30/19,2,NULL,0,NULL,0,0,NULL,0,NULL,0,0,0,0,NULL,NULL,NULL,NULL,NULL,NULL,NULL,NULL,NULL,NULL
2520,1230,12/30/19,5857,NULL,4,NULL,0.0007,0.43,NULL,1.7,NULL,0.2243,0,7.58,1,NULL,NULL,NULL,NULL,NULL,NULL,NULL,NULL,NULL,NULL
2521,1237,12/30/19,536,NULL,5,NULL,0.0093,1.16,NULL,5.81,NULL,0.0483,0,120.32,7,NULL,NULL,NULL,NULL,NULL,NULL,NULL,NULL,NULL,NULL
2522,1243,12/30/19,120,NULL,1,NULL,0.0083,0.48,NULL,0.48,NULL,0.0078,0,61.22,2,NULL,NULL,NULL,NULL,NULL,NULL,NULL,NULL,NULL,NULL
2523,1223,12/30/19,1364,NULL,1,NULL,0.0007,0.47,NULL,0.47,NULL,0,0,0,0,NULL,NULL,NULL,NULL,NULL,NULL,NULL,NULL,NULL,NULL
2524,1248,12/30/19,19558,NULL,36,NULL,0.0018,1.7,NULL,61.07,NULL,0.4699,0,129.97,6,NULL,NULL,NULL,NULL,NULL,NULL,NULL,NULL,NULL,NULL
2525,1232,12/30/19,59,NULL,0,NULL,0,0,NULL,0,NULL,0,0,0,0,NULL,NULL,NULL,NULL,NULL,NULL,NULL,NULL,NULL,NULL
2526,1245,12/30/19,41140,NULL,36,NULL,0.0009,3.03,NULL,108.97,NULL,1.0064,0,108.28,4,NULL,NULL,NULL,NULL,NULL,NULL,NULL,NULL,NULL,NULL
2527,1235,12/30/19,512,NULL,6,NULL,0.0117,1.04,NULL,6.22,NULL,0.2782,0,22.36,3,NULL,NULL,NULL,NULL,NULL,NULL,NULL,NULL,NULL,NULL
2528,1239,12/30/19,595,NULL,12,NULL,0.0202,0.83,NULL,9.92,NULL,0.0833,0,119.14,8,NULL,NULL,NULL,NULL,NULL,NULL,NULL,NULL,NULL,NULL
2529,1246,12/30/19,484,NULL,4,NULL,0.0083,1.11,NULL,4.45,NULL,0.2176,0,20.45,2,NULL,NULL,NULL,NULL,NULL,NULL,NULL,NULL,NULL,NULL
2530,1226,12/30/19,582,NULL,1,NULL,0.0017,0.38,NULL,0.38,NULL,0,0,0,0,NULL,NULL,NULL,NULL,NULL,NULL,NULL,NULL,NULL,NULL
2531,1245,12/31/19,52501,NULL,40,NULL,0.0008,2.72,NULL,108.89,NULL,4.0225,0,27.07,1,NULL,NULL,NULL,NULL,NULL,NULL,NULL,NULL,NULL,NULL
2532,1248,12/31/19,14154,NULL,30,NULL,0.0021,1.6,NULL,48.08,NULL,0.5312,0,90.51,3,NULL,NULL,NULL,NULL,NULL,NULL,NULL,NULL,NULL,NULL
2533,1246,12/31/19,122,NULL,1,NULL,0.0082,1.19,NULL,1.19,NULL,0.044,0,27.07,1,NULL,NULL,NULL,NULL,NULL,NULL,NULL,NULL,NULL,NULL
2534,1239,12/31/19,393,NULL,5,NULL,0.0127,0.81,NULL,4.06,NULL,0.1411,0,28.78,2,NULL,NULL,NULL,NULL,NULL,NULL,NULL,NULL,NULL,NULL
2535,1233,12/31/19,26,NULL,0,NULL,0,0,NULL,0,NULL,0,0,0,0,NULL,NULL,NULL,NULL,NULL,NULL,NULL,NULL,NULL,NULL
2536,1243,12/31/19,56,NULL,0,NULL,0,0,NULL,0,NULL,0,0,0,0,NULL,NULL,NULL,NULL,NULL,NULL,NULL,NULL,NULL,NULL
2537,1226,12/31/19,631,NULL,4,NULL,0.0063,0.96,NULL,3.84,NULL,0,0,0,0,NULL,NULL,NULL,NULL,NULL,NULL,NULL,NULL,NULL,NULL
2538,1237,12/31/19,350,NULL,1,NULL,0.0029,0.91,NULL,0.91,NULL,0.0472,0,19.3,1,NULL,NULL,NULL,NULL,NULL,NULL,NULL,NULL,NULL,NULL
2539,1230,12/31/19,8195,NULL,1,NULL,0.0001,0.04,NULL,0.04,NULL,0.0106,0,3.79,1,NULL,NULL,NULL,NULL,NULL,NULL,NULL,NULL,NULL,NULL
2540,1252,12/31/19,271,NULL,0,NULL,0,0,NULL,0,NULL,0,0,0,0,NULL,NULL,NULL,NULL,NULL,NULL,NULL,NULL,NULL,NULL
2541,1232,12/31/19,21,NULL,0,NULL,0,0,NULL,0,NULL,0,0,0,0,NULL,NULL,NULL,NULL,NULL,NULL,NULL,NULL,NULL,NULL
2542,1223,12/31/19,914,NULL,1,NULL,0.0011,0.48,NULL,0.48,NULL,0,0,0,0,NULL,NULL,NULL,NULL,NULL,NULL,NULL,NULL,NULL,NULL
2543,1238,12/31/19,30061,NULL,58,NULL,0.0019,1.97,NULL,114.24,NULL,1.2348,0,92.52,15,NULL,NULL,NULL,NULL,NULL,NULL,NULL,NULL,NULL,NULL
2544,2042,12/31/19,2104,11458,2,28,0.001,1.12,1.06,2.23,29.6,0,0,0,0,NULL,NULL,NULL,NULL,NULL,NULL,NULL,NULL,NULL,NULL
2545,1235,12/31/19,364,NULL,4,NULL,0.011,1.42,NULL,5.67,NULL,0.748,0,7.58,2,NULL,NULL,NULL,NULL,NULL,NULL,NULL,NULL,NULL,NULL
2546,1233,1/1/20,10,NULL,0,NULL,0,0,NULL,0,NULL,0,0,0,0,NULL,NULL,NULL,NULL,NULL,NULL,NULL,NULL,NULL,NULL
2547,1248,1/1/20,24323,NULL,44,NULL,0.0018,1.57,NULL,69.17,NULL,0.7642,0,90.51,4,NULL,NULL,NULL,NULL,NULL,NULL,NULL,NULL,NULL,NULL
2548,1230,1/1/20,105142,NULL,6,NULL,0.0001,0.2,NULL,1.18,NULL,0.3278,0,3.6,1,NULL,NULL,NULL,NULL,NULL,NULL,NULL,NULL,NULL,NULL
2549,1237,1/1/20,559,NULL,5,NULL,0.0089,1.28,NULL,6.39,NULL,0.0948,0,67.39,4,NULL,NULL,NULL,NULL,NULL,NULL,NULL,NULL,NULL,NULL
2550,1232,1/1/20,60,NULL,0,NULL,0,0,NULL,0,NULL,0,0,0,0,NULL,NULL,NULL,NULL,NULL,NULL,NULL,NULL,NULL,NULL
2551,1235,1/1/20,401,NULL,5,NULL,0.0125,0.96,NULL,4.82,NULL,0.254,0,18.98,2,NULL,NULL,NULL,NULL,NULL,NULL,NULL,NULL,NULL,NULL
2552,1246,1/1/20,313,NULL,4,NULL,0.0128,0.99,NULL,3.97,NULL,0.0873,0,45.5,4,NULL,NULL,NULL,NULL,NULL,NULL,NULL,NULL,NULL,NULL
2553,1226,1/1/20,715,NULL,1,NULL,0.0014,1.35,NULL,1.35,NULL,0,0,0,0,NULL,NULL,NULL,NULL,NULL,NULL,NULL,NULL,NULL,NULL
2554,1238,1/1/20,29203,NULL,74,NULL,0.0025,1.86,NULL,137.41,NULL,1.8256,0,75.27,15,NULL,NULL,NULL,NULL,NULL,NULL,NULL,NULL,NULL,NULL
2555,1239,1/1/20,560,NULL,5,NULL,0.0089,0.78,NULL,3.88,NULL,0.1208,0,32.13,3,NULL,NULL,NULL,NULL,NULL,NULL,NULL,NULL,NULL,NULL
2556,1245,1/1/20,64398,NULL,45,NULL,0.0007,2.41,NULL,108.45,NULL,4.0063,0,27.07,1,NULL,NULL,NULL,NULL,NULL,NULL,NULL,NULL,NULL,NULL
2557,1223,1/1/20,1158,NULL,0,NULL,0,0,NULL,0,NULL,0,0,0,0,NULL,NULL,NULL,NULL,NULL,NULL,NULL,NULL,NULL,NULL
2558,1243,1/1/20,128,NULL,2,NULL,0.0156,1.57,NULL,3.13,NULL,0.0868,0,36.05,1,NULL,NULL,NULL,NULL,NULL,NULL,NULL,NULL,NULL,NULL
2559,1249,1/1/20,0,NULL,0,NULL,0,0,NULL,0,NULL,0,0,0,0,NULL,NULL,NULL,NULL,NULL,NULL,NULL,NULL,NULL,NULL
2560,2042,1/1/20,3277,11995,2,30,0.0006,1.35,1.43,2.7,42.86,0,0,0,0,NULL,NULL,NULL,NULL,NULL,NULL,NULL,NULL,NULL,NULL
2561,1252,1/1/20,452,NULL,3,NULL,0.0066,1.04,NULL,3.13,NULL,0.2094,0,14.95,2,NULL,NULL,NULL,NULL,NULL,NULL,NULL,NULL,NULL,NULL
2562,1238,1/2/20,32652,NULL,94,NULL,0.0029,1.81,NULL,169.96,NULL,1.4866,0,114.33,20,NULL,NULL,NULL,NULL,NULL,NULL,NULL,NULL,NULL,NULL
2563,1248,1/2/20,38925,NULL,64,NULL,0.0016,1.6,NULL,102.18,NULL,0.4076,0,250.71,12,NULL,NULL,NULL,NULL,NULL,NULL,NULL,NULL,NULL,NULL
2564,1232,1/2/20,45,NULL,0,NULL,0,0,NULL,0,NULL,0,0,0,0,NULL,NULL,NULL,NULL,NULL,NULL,NULL,NULL,NULL,NULL
2565,1223,1/2/20,1946,NULL,2,NULL,0.001,0.46,NULL,0.92,NULL,0.0969,0,9.49,1,NULL,NULL,NULL,NULL,NULL,NULL,NULL,NULL,NULL,NULL
2566,1237,1/2/20,596,NULL,4,NULL,0.0067,0.9,NULL,3.58,NULL,0.1855,0,19.3,1,NULL,NULL,NULL,NULL,NULL,NULL,NULL,NULL,NULL,NULL
2567,1230,1/2/20,17456,NULL,11,NULL,0.0006,0.42,NULL,4.57,NULL,0.3174,0,14.4,3,NULL,NULL,NULL,NULL,NULL,NULL,NULL,NULL,NULL,NULL
2568,1243,1/2/20,73,NULL,4,NULL,0.0548,1.09,NULL,4.37,NULL,0.0783,0,55.84,3,NULL,NULL,NULL,NULL,NULL,NULL,NULL,NULL,NULL,NULL
2569,1239,1/2/20,375,NULL,8,NULL,0.0213,0.62,NULL,4.92,NULL,0.0581,0,84.66,5,NULL,NULL,NULL,NULL,NULL,NULL,NULL,NULL,NULL,NULL
2570,1226,1/2/20,851,NULL,2,NULL,0.0024,0.52,NULL,1.03,NULL,0,0,0,0,NULL,NULL,NULL,NULL,NULL,NULL,NULL,NULL,NULL,NULL
2571,1233,1/2/20,64,NULL,0,NULL,0,0,NULL,0,NULL,0,0,0,0,NULL,NULL,NULL,NULL,NULL,NULL,NULL,NULL,NULL,NULL
2572,1235,1/2/20,2259,NULL,6,NULL,0.0027,2.35,NULL,14.07,NULL,0,0,0,0,NULL,NULL,NULL,NULL,NULL,NULL,NULL,NULL,NULL,NULL
2573,1246,1/2/20,334,NULL,1,NULL,0.003,1.26,NULL,1.26,NULL,0,0,0,0,NULL,NULL,NULL,NULL,NULL,NULL,NULL,NULL,NULL,NULL
2574,1252,1/2/20,1140,NULL,6,NULL,0.0053,1.41,NULL,8.44,NULL,0.1209,0,69.84,2,NULL,NULL,NULL,NULL,NULL,NULL,NULL,NULL,NULL,NULL
2575,2042,1/2/20,4468,14612,10,49,0.0022,0.81,1.29,8.06,63.27,0,0,0,0,NULL,NULL,NULL,NULL,NULL,NULL,NULL,NULL,NULL,NULL
2576,1249,1/2/20,2,NULL,0,NULL,0,0,NULL,0,NULL,0,0,0,0,NULL,NULL,NULL,NULL,NULL,NULL,NULL,NULL,NULL,NULL
2577,1245,1/2/20,52312,NULL,43,NULL,0.0008,2.6,NULL,111.8,NULL,1.3752,0,81.3,3,NULL,NULL,NULL,NULL,NULL,NULL,NULL,NULL,NULL,NULL
2578,1246,1/3/20,223,NULL,0,NULL,0,0,NULL,0,NULL,0,0,0,0,NULL,NULL,NULL,NULL,NULL,NULL,NULL,NULL,NULL,NULL
2579,1239,1/3/20,428,NULL,9,NULL,0.021,0.55,NULL,4.97,NULL,0.1596,0,31.14,5,NULL,NULL,NULL,NULL,NULL,NULL,NULL,NULL,NULL,NULL
2580,1248,1/3/20,31522,NULL,41,NULL,0.0013,1.35,NULL,55.45,NULL,0.2988,0,185.6,9,NULL,NULL,NULL,NULL,NULL,NULL,NULL,NULL,NULL,NULL
2581,1233,1/3/20,63,NULL,0,NULL,0,0,NULL,0,NULL,0,0,0,0,NULL,NULL,NULL,NULL,NULL,NULL,NULL,NULL,NULL,NULL
2582,1252,1/3/20,291,NULL,1,NULL,0.0034,1.49,NULL,1.49,NULL,0.0853,0,17.46,2,NULL,NULL,NULL,NULL,NULL,NULL,NULL,NULL,NULL,NULL
2583,1245,1/3/20,102968,NULL,76,NULL,0.0007,2.5,NULL,190.16,NULL,2.0945,0,90.79,4,NULL,NULL,NULL,NULL,NULL,NULL,NULL,NULL,NULL,NULL
2584,1232,1/3/20,44,NULL,0,NULL,0,0,NULL,0,NULL,0,0,0,0,NULL,NULL,NULL,NULL,NULL,NULL,NULL,NULL,NULL,NULL
2585,1223,1/3/20,1592,NULL,4,NULL,0.0025,0.42,NULL,1.66,NULL,0,0,0,0,NULL,NULL,NULL,NULL,NULL,NULL,NULL,NULL,NULL,NULL
2586,1237,1/3/20,400,NULL,2,NULL,0.005,0.87,NULL,1.73,NULL,0.1823,0,9.49,1,NULL,NULL,NULL,NULL,NULL,NULL,NULL,NULL,NULL,NULL
2587,1243,1/3/20,118,NULL,1,NULL,0.0085,0.46,NULL,0.46,NULL,0,0,0,0,NULL,NULL,NULL,NULL,NULL,NULL,NULL,NULL,NULL,NULL
2588,1230,1/3/20,18634,NULL,6,NULL,0.0003,0.32,NULL,1.89,NULL,0.2625,0,7.2,2,NULL,NULL,NULL,NULL,NULL,NULL,NULL,NULL,NULL,NULL
2589,1249,1/3/20,2,NULL,0,NULL,0,0,NULL,0,NULL,0,0,0,0,NULL,NULL,NULL,NULL,NULL,NULL,NULL,NULL,NULL,NULL
2590,2042,1/3/20,9421,11179,7,44,0.0007,0.91,1.37,6.39,60.39,0.3602,0,17.74,2,NULL,NULL,NULL,NULL,NULL,NULL,NULL,NULL,NULL,NULL
2591,1238,1/3/20,42759,NULL,94,NULL,0.0022,2.05,NULL,192.87,NULL,1.4305,0,134.83,22,NULL,NULL,NULL,NULL,NULL,NULL,NULL,NULL,NULL,NULL
2592,1226,1/3/20,840,NULL,1,NULL,0.0012,1.46,NULL,1.46,NULL,0,0,0,0,NULL,NULL,NULL,NULL,NULL,NULL,NULL,NULL,NULL,NULL
2593,1235,1/3/20,506,NULL,3,NULL,0.0059,1.73,NULL,5.18,NULL,0,0,0,0,NULL,NULL,NULL,NULL,NULL,NULL,NULL,NULL,NULL,NULL
2594,1249,1/4/20,221,NULL,0,NULL,0,0,NULL,0,NULL,0,0,0,0,NULL,NULL,NULL,NULL,NULL,NULL,NULL,NULL,NULL,NULL
2595,1235,1/4/20,428,NULL,13,NULL,0.0304,1.17,NULL,15.27,NULL,0.226,0,67.57,6,NULL,NULL,NULL,NULL,NULL,NULL,NULL,NULL,NULL,NULL
2596,1230,1/4/20,20481,NULL,8,NULL,0.0004,0.46,NULL,3.67,NULL,0.2804,0,13.09,2,NULL,NULL,NULL,NULL,NULL,NULL,NULL,NULL,NULL,NULL
2597,1233,1/4/20,3483,NULL,7,NULL,0.002,1.04,NULL,7.29,NULL,0.1363,0,53.47,4,NULL,NULL,NULL,NULL,NULL,NULL,NULL,NULL,NULL,NULL
2598,1245,1/4/20,65391,NULL,60,NULL,0.0009,2.77,NULL,166.14,NULL,1.0634,0,156.24,8,NULL,NULL,NULL,NULL,NULL,NULL,NULL,NULL,NULL,NULL
2599,1252,1/4/20,443,NULL,1,NULL,0.0023,0.29,NULL,0.29,NULL,0,0,0,0,NULL,NULL,NULL,NULL,NULL,NULL,NULL,NULL,NULL,NULL
2600,2042,1/4/20,8852,11807,6,43,0.0007,0.97,1.56,5.81,67.16,0.2019,0,28.78,2,NULL,NULL,NULL,NULL,NULL,NULL,NULL,NULL,NULL,NULL
2601,1239,1/4/20,479,NULL,12,NULL,0.0251,0.45,NULL,5.41,NULL,0.1108,0,48.85,6,NULL,NULL,NULL,NULL,NULL,NULL,NULL,NULL,NULL,NULL
2602,1237,1/4/20,678,NULL,10,NULL,0.0148,1.25,NULL,12.49,NULL,0.1308,0,95.5,5,NULL,NULL,NULL,NULL,NULL,NULL,NULL,NULL,NULL,NULL
2603,1243,1/4/20,177,NULL,3,NULL,0.017,0.76,NULL,2.27,NULL,0.0489,0,46.42,1,NULL,NULL,NULL,NULL,NULL,NULL,NULL,NULL,NULL,NULL
2604,1248,1/4/20,34334,NULL,61,NULL,0.0018,1.66,NULL,101.42,NULL,0.4837,0,209.66,11,NULL,NULL,NULL,NULL,NULL,NULL,NULL,NULL,NULL,NULL
2605,1223,1/4/20,1447,NULL,3,NULL,0.0021,0.48,NULL,1.45,NULL,0,0,0,0,NULL,NULL,NULL,NULL,NULL,NULL,NULL,NULL,NULL,NULL
2606,1246,1/4/20,622,NULL,1,NULL,0.0016,0.91,NULL,0.91,NULL,0.0336,0,27.1,1,NULL,NULL,NULL,NULL,NULL,NULL,NULL,NULL,NULL,NULL
2607,1238,1/4/20,41304,NULL,77,NULL,0.0019,1.79,NULL,138.11,NULL,1.655,0,83.45,13,NULL,NULL,NULL,NULL,NULL,NULL,NULL,NULL,NULL,NULL
2608,1232,1/4/20,48,NULL,0,NULL,0,0,NULL,0,NULL,0,0,0,0,NULL,NULL,NULL,NULL,NULL,NULL,NULL,NULL,NULL,NULL
2609,1226,1/4/20,1263,NULL,1,NULL,0.0008,0.33,NULL,0.33,NULL,0,0,0,0,NULL,NULL,NULL,NULL,NULL,NULL,NULL,NULL,NULL,NULL
2610,2042,1/5/20,13369,11067,17,30,0.0013,0.95,1.53,16.17,45.92,0.5973,0,27.07,1,NULL,NULL,NULL,NULL,NULL,NULL,NULL,NULL,NULL,NULL
2611,1252,1/5/20,208,NULL,5,NULL,0.024,1.02,NULL,5.1,NULL,0.2133,0,23.91,2,NULL,NULL,NULL,NULL,NULL,NULL,NULL,NULL,NULL,NULL
2612,1245,1/5/20,69816,NULL,72,NULL,0.001,2.66,NULL,191.7,NULL,0.8143,0,235.42,12,NULL,NULL,NULL,NULL,NULL,NULL,NULL,NULL,NULL,NULL
2613,1243,1/5/20,157,NULL,2,NULL,0.0127,1.18,NULL,2.36,NULL,0.0384,0,61.45,2,NULL,NULL,NULL,NULL,NULL,NULL,NULL,NULL,NULL,NULL
2614,1230,1/5/20,6907,NULL,10,NULL,0.0015,0.54,NULL,5.38,NULL,0.2835,0,18.98,2,NULL,NULL,NULL,NULL,NULL,NULL,NULL,NULL,NULL,NULL
2615,1237,1/5/20,444,NULL,4,NULL,0.009,0.96,NULL,3.85,NULL,0.0366,0,105.24,3,NULL,NULL,NULL,NULL,NULL,NULL,NULL,NULL,NULL,NULL
2616,1238,1/5/20,10931,NULL,25,NULL,0.0023,2.05,NULL,51.16,NULL,0.3964,0,129.05,11,NULL,NULL,NULL,NULL,NULL,NULL,NULL,NULL,NULL,NULL
2617,1246,1/5/20,1038,NULL,2,NULL,0.0019,0.9,NULL,1.8,NULL,0,0,0,0,NULL,NULL,NULL,NULL,NULL,NULL,NULL,NULL,NULL,NULL
2618,1233,1/5/20,26,NULL,0,NULL,0,0,NULL,0,NULL,0,0,0,0,NULL,NULL,NULL,NULL,NULL,NULL,NULL,NULL,NULL,NULL
2619,1249,1/5/20,1,NULL,0,NULL,0,0,NULL,0,NULL,0,0,0,0,NULL,NULL,NULL,NULL,NULL,NULL,NULL,NULL,NULL,NULL
2620,1235,1/5/20,496,NULL,5,NULL,0.0101,1.12,NULL,5.6,NULL,0.0785,0,71.33,7,NULL,NULL,NULL,NULL,NULL,NULL,NULL,NULL,NULL,NULL
2621,1232,1/5/20,54,NULL,0,NULL,0,0,NULL,0,NULL,0,0,0,0,NULL,NULL,NULL,NULL,NULL,NULL,NULL,NULL,NULL,NULL
2622,1223,1/5/20,1019,NULL,1,NULL,0.001,0.47,NULL,0.47,NULL,0,0,0,0,NULL,NULL,NULL,NULL,NULL,NULL,NULL,NULL,NULL,NULL
2623,1248,1/5/20,48380,NULL,68,NULL,0.0014,1.53,NULL,104.14,NULL,0.5745,0,181.26,10,NULL,NULL,NULL,NULL,NULL,NULL,NULL,NULL,NULL,NULL
2624,1226,1/5/20,1158,NULL,2,NULL,0.0017,1.37,NULL,2.74,NULL,0,0,0,0,NULL,NULL,NULL,NULL,NULL,NULL,NULL,NULL,NULL,NULL
2625,1239,1/5/20,341,NULL,5,NULL,0.0147,0.59,NULL,2.96,NULL,0.1669,0,17.74,2,NULL,NULL,NULL,NULL,NULL,NULL,NULL,NULL,NULL,NULL
2626,1232,1/6/20,41,NULL,0,NULL,0,0,NULL,0,NULL,0,0,0,0,NULL,NULL,NULL,NULL,NULL,NULL,NULL,NULL,NULL,NULL
2627,1243,1/6/20,133,NULL,1,NULL,0.0075,1.21,NULL,1.21,NULL,0,0,0,0,NULL,NULL,NULL,NULL,NULL,NULL,NULL,NULL,NULL,NULL
2628,2042,1/6/20,10095,13479,11,57,0.0011,0.92,1.42,10.14,80.75,0.7047,0,14.39,1,NULL,NULL,NULL,NULL,NULL,NULL,NULL,NULL,NULL,NULL
2629,1223,1/6/20,1071,NULL,4,NULL,0.0037,0.42,NULL,1.69,NULL,0.0554,0,30.51,2,NULL,NULL,NULL,NULL,NULL,NULL,NULL,NULL,NULL,NULL
2630,1249,1/6/20,488,NULL,2,NULL,0.0041,0.87,NULL,1.74,NULL,0,0,0,0,NULL,NULL,NULL,NULL,NULL,NULL,NULL,NULL,NULL,NULL
2631,1252,1/6/20,309,NULL,2,NULL,0.0065,1.21,NULL,2.41,NULL,0.1008,0,23.91,1,NULL,NULL,NULL,NULL,NULL,NULL,NULL,NULL,NULL,NULL
2632,1248,1/6/20,29437,NULL,67,NULL,0.0023,1.53,NULL,102.67,NULL,0.2974,0,345.25,15,NULL,NULL,NULL,NULL,NULL,NULL,NULL,NULL,NULL,NULL
2633,1245,1/6/20,92550,NULL,71,NULL,0.0008,2.54,NULL,180.43,NULL,0.2716,0,664.35,11,NULL,NULL,NULL,NULL,NULL,NULL,NULL,NULL,NULL,NULL
2634,1230,1/6/20,7472,NULL,4,NULL,0.0005,0.54,NULL,2.16,NULL,0,0,0,0,NULL,NULL,NULL,NULL,NULL,NULL,NULL,NULL,NULL,NULL
2635,1233,1/6/20,480,NULL,1,NULL,0.0021,0.91,NULL,0.91,NULL,0,0,0,0,NULL,NULL,NULL,NULL,NULL,NULL,NULL,NULL,NULL,NULL
2636,1226,1/6/20,1922,NULL,2,NULL,0.001,0.21,NULL,0.42,NULL,0,0,0,0,NULL,NULL,NULL,NULL,NULL,NULL,NULL,NULL,NULL,NULL
2637,1235,1/6/20,499,NULL,8,NULL,0.016,0.96,NULL,7.66,NULL,0.118,0,64.94,5,NULL,NULL,NULL,NULL,NULL,NULL,NULL,NULL,NULL,NULL
2638,1238,1/6/20,6512,NULL,21,NULL,0.0032,2.41,NULL,50.57,NULL,0.7613,0,66.43,4,NULL,NULL,NULL,NULL,NULL,NULL,NULL,NULL,NULL,NULL
2639,1239,1/6/20,1024,NULL,10,NULL,0.0098,0.7,NULL,7.03,NULL,0.0649,0,108.37,7,NULL,NULL,NULL,NULL,NULL,NULL,NULL,NULL,NULL,NULL
2640,1246,1/6/20,218,NULL,1,NULL,0.0046,1.28,NULL,1.28,NULL,0,0,0,0,NULL,NULL,NULL,NULL,NULL,NULL,NULL,NULL,NULL,NULL
2641,1237,1/6/20,690,NULL,15,NULL,0.0217,1.08,NULL,16.17,NULL,0.0807,0,200.37,11,NULL,NULL,NULL,NULL,NULL,NULL,NULL,NULL,NULL,NULL
2642,1238,1/7/20,8778,NULL,26,NULL,0.003,2.07,NULL,53.9,NULL,0.2888,0,186.64,14,NULL,NULL,NULL,NULL,NULL,NULL,NULL,NULL,NULL,NULL
2643,1226,1/7/20,1853,NULL,1,NULL,0.0005,0.47,NULL,0.47,NULL,0,0,0,0,NULL,NULL,NULL,NULL,NULL,NULL,NULL,NULL,NULL,NULL
2644,1239,1/7/20,654,NULL,16,NULL,0.0245,0.59,NULL,9.4,NULL,0.1658,0,56.69,4,NULL,NULL,NULL,NULL,NULL,NULL,NULL,NULL,NULL,NULL
2645,1230,1/7/20,6634,NULL,5,NULL,0.0008,0.58,NULL,2.9,NULL,0.2215,0,13.09,2,NULL,NULL,NULL,NULL,NULL,NULL,NULL,NULL,NULL,NULL
2646,1237,1/7/20,697,NULL,11,NULL,0.0158,0.99,NULL,10.94,NULL,0.1515,0,72.19,3,NULL,NULL,NULL,NULL,NULL,NULL,NULL,NULL,NULL,NULL
2647,1243,1/7/20,144,NULL,4,NULL,0.0278,1.21,NULL,4.85,NULL,0.046,0,105.54,4,NULL,NULL,NULL,NULL,NULL,NULL,NULL,NULL,NULL,NULL
2648,1235,1/7/20,539,NULL,10,NULL,0.0186,0.75,NULL,7.51,NULL,0.1131,0,66.43,4,NULL,NULL,NULL,NULL,NULL,NULL,NULL,NULL,NULL,NULL
2649,1245,1/7/20,0,NULL,0,NULL,0,0,NULL,0,NULL,0,0,0,0,NULL,NULL,NULL,NULL,NULL,NULL,NULL,NULL,NULL,NULL
2650,1248,1/7/20,24006,NULL,65,NULL,0.0027,1.59,NULL,103.32,NULL,0.3081,0,335.36,16,NULL,NULL,NULL,NULL,NULL,NULL,NULL,NULL,NULL,NULL
2651,1223,1/7/20,1101,NULL,1,NULL,0.0009,0.45,NULL,0.45,NULL,0,0,0,0,NULL,NULL,NULL,NULL,NULL,NULL,NULL,NULL,NULL,NULL
2652,2042,1/7/20,7821,15395,12,59,0.0015,0.88,1.22,10.6,71.88,0,0,0,0,NULL,NULL,NULL,NULL,NULL,NULL,NULL,NULL,NULL,NULL
2653,1252,1/7/20,356,NULL,2,NULL,0.0056,1.37,NULL,2.73,NULL,0,0,0,0,NULL,NULL,NULL,NULL,NULL,NULL,NULL,NULL,NULL,NULL
2654,1248,1/8/20,36090,NULL,69,NULL,0.0019,1.49,NULL,102.61,NULL,0.3967,0,258.65,13,NULL,NULL,NULL,NULL,NULL,NULL,NULL,NULL,NULL,NULL
2655,1223,1/8/20,987,NULL,1,NULL,0.001,0.41,NULL,0.41,NULL,0,0,0,0,NULL,NULL,NULL,NULL,NULL,NULL,NULL,NULL,NULL,NULL
2656,1235,1/8/20,529,NULL,13,NULL,0.0246,0.88,NULL,11.42,NULL,0.1742,0,65.56,7,NULL,NULL,NULL,NULL,NULL,NULL,NULL,NULL,NULL,NULL
2657,1237,1/8/20,967,NULL,6,NULL,0.0062,1.21,NULL,7.28,NULL,0.3772,0,19.3,1,NULL,NULL,NULL,NULL,NULL,NULL,NULL,NULL,NULL,NULL
2658,1239,1/8/20,835,NULL,12,NULL,0.0144,0.67,NULL,8.03,NULL,0.1506,0,53.31,6,NULL,NULL,NULL,NULL,NULL,NULL,NULL,NULL,NULL,NULL
2659,1245,1/8/20,0,NULL,0,NULL,0,0,NULL,0,NULL,0,0,0,0,NULL,NULL,NULL,NULL,NULL,NULL,NULL,NULL,NULL,NULL
2660,1230,1/8/20,6388,NULL,4,NULL,0.0006,0.51,NULL,2.05,NULL,0.108,0,18.98,1,NULL,NULL,NULL,NULL,NULL,NULL,NULL,NULL,NULL,NULL
2661,1243,1/8/20,597,NULL,0,NULL,0,0,NULL,0,NULL,0,0,0,0,NULL,NULL,NULL,NULL,NULL,NULL,NULL,NULL,NULL,NULL
2662,1252,1/8/20,341,NULL,3,NULL,0.0088,1.09,NULL,3.26,NULL,0.409,0,7.97,1,NULL,NULL,NULL,NULL,NULL,NULL,NULL,NULL,NULL,NULL
2663,2042,1/8/20,5930,15862,9,55,0.0015,1.09,1.71,9.83,93.94,2.9083,0,3.38,1,NULL,NULL,NULL,NULL,NULL,NULL,NULL,NULL,NULL,NULL
2664,1226,1/8/20,1957,NULL,3,NULL,0.0015,1.09,NULL,3.26,NULL,0,0,0,0,NULL,NULL,NULL,NULL,NULL,NULL,NULL,NULL,NULL,NULL
2665,1238,1/8/20,7048,NULL,25,NULL,0.0036,2.04,NULL,50.96,NULL,0.3836,0,132.86,4,NULL,NULL,NULL,NULL,NULL,NULL,NULL,NULL,NULL,NULL
2666,1237,1/9/20,411,NULL,3,NULL,0.0073,1.22,NULL,3.67,NULL,0.1902,0,19.3,1,NULL,NULL,NULL,NULL,NULL,NULL,NULL,NULL,NULL,NULL
2667,1235,1/9/20,574,NULL,5,NULL,0.0087,0.55,NULL,2.76,NULL,0.0582,0,47.45,3,NULL,NULL,NULL,NULL,NULL,NULL,NULL,NULL,NULL,NULL
2668,1230,1/9/20,7510,NULL,6,NULL,0.0008,0.56,NULL,3.33,NULL,0.1475,0,22.58,3,NULL,NULL,NULL,NULL,NULL,NULL,NULL,NULL,NULL,NULL
2669,1226,1/9/20,1220,NULL,2,NULL,0.0016,1.4,NULL,2.8,NULL,0,0,0,0,NULL,NULL,NULL,NULL,NULL,NULL,NULL,NULL,NULL,NULL
2670,1239,1/9/20,514,NULL,3,NULL,0.0058,1.05,NULL,3.16,NULL,0.0732,0,43.17,3,NULL,NULL,NULL,NULL,NULL,NULL,NULL,NULL,NULL,NULL
2671,1245,1/9/20,0,NULL,0,NULL,0,0,NULL,0,NULL,0,0,0,0,NULL,NULL,NULL,NULL,NULL,NULL,NULL,NULL,NULL,NULL
2672,1248,1/9/20,35364,NULL,66,NULL,0.0019,1.56,NULL,102.78,NULL,0.5815,0,176.75,10,NULL,NULL,NULL,NULL,NULL,NULL,NULL,NULL,NULL,NULL
2673,1223,1/9/20,996,NULL,0,NULL,0,0,NULL,0,NULL,0,0,0,0,NULL,NULL,NULL,NULL,NULL,NULL,NULL,NULL,NULL,NULL
2674,1238,1/9/20,8654,NULL,30,NULL,0.0035,1.73,NULL,51.78,NULL,0.6792,0,76.24,6,NULL,NULL,NULL,NULL,NULL,NULL,NULL,NULL,NULL,NULL
2675,2042,1/9/20,8010,14351,12,46,0.0015,1.06,1.45,12.69,66.83,0,0,0,0,NULL,NULL,NULL,NULL,NULL,NULL,NULL,NULL,NULL,NULL
2676,1252,1/9/20,386,NULL,1,NULL,0.0026,0.76,NULL,0.76,NULL,0,0,0,0,NULL,NULL,NULL,NULL,NULL,NULL,NULL,NULL,NULL,NULL
2677,1243,1/9/20,79,NULL,1,NULL,0.0127,2.69,NULL,2.69,NULL,0.1091,0,24.65,1,NULL,NULL,NULL,NULL,NULL,NULL,NULL,NULL,NULL,NULL
2678,1238,1/10/20,3233,NULL,22,NULL,0.0068,2.36,NULL,51.82,NULL,0.7862,0,65.91,7,NULL,NULL,NULL,NULL,NULL,NULL,NULL,NULL,NULL,NULL
2679,1230,1/10/20,4893,NULL,2,NULL,0.0004,0.48,NULL,0.95,NULL,0,0,0,0,NULL,NULL,NULL,NULL,NULL,NULL,NULL,NULL,NULL,NULL
2680,1246,1/10/20,186,NULL,1,NULL,0.0054,1.67,NULL,1.67,NULL,0,0,0,0,NULL,NULL,NULL,NULL,NULL,NULL,NULL,NULL,NULL,NULL
2681,1243,1/10/20,69,NULL,1,NULL,0.0145,0.25,NULL,0.25,NULL,0,0,0,0,NULL,NULL,NULL,NULL,NULL,NULL,NULL,NULL,NULL,NULL
2682,1248,1/10/20,26637,NULL,59,NULL,0.0022,1.75,NULL,103.5,NULL,0.5506,0,187.99,9,NULL,NULL,NULL,NULL,NULL,NULL,NULL,NULL,NULL,NULL
2683,2042,1/10/20,4619,12839,4,55,0.0009,0.95,1.34,3.78,73.69,0.2796,0,13.52,1,NULL,NULL,NULL,NULL,NULL,NULL,NULL,NULL,NULL,NULL
2684,1252,1/10/20,777,NULL,4,NULL,0.0052,0.98,NULL,3.9,NULL,0,0,0,0,NULL,NULL,NULL,NULL,NULL,NULL,NULL,NULL,NULL,NULL
2685,1232,1/10/20,43,NULL,0,NULL,0,0,NULL,0,NULL,0,0,0,0,NULL,NULL,NULL,NULL,NULL,NULL,NULL,NULL,NULL,NULL
2686,1237,1/10/20,528,NULL,3,NULL,0.0057,0.39,NULL,1.18,NULL,0.0611,0,19.3,1,NULL,NULL,NULL,NULL,NULL,NULL,NULL,NULL,NULL,NULL
2687,1245,1/10/20,14520,NULL,18,NULL,0.0012,1.29,NULL,23.3,NULL,0.4436,0,52.52,1,NULL,NULL,NULL,NULL,NULL,NULL,NULL,NULL,NULL,NULL
2688,1223,1/10/20,785,NULL,2,NULL,0.0026,0.49,NULL,0.97,NULL,0,0,0,0,NULL,NULL,NULL,NULL,NULL,NULL,NULL,NULL,NULL,NULL
2689,1226,1/10/20,1406,NULL,2,NULL,0.0014,0.92,NULL,1.83,NULL,0,0,0,0,NULL,NULL,NULL,NULL,NULL,NULL,NULL,NULL,NULL,NULL
2690,1239,1/10/20,477,NULL,5,NULL,0.0105,0.85,NULL,4.27,NULL,0.0917,0,46.55,4,NULL,NULL,NULL,NULL,NULL,NULL,NULL,NULL,NULL,NULL
2691,1235,1/10/20,1160,NULL,7,NULL,0.006,0.95,NULL,6.67,NULL,0.1171,0,56.94,6,NULL,NULL,NULL,NULL,NULL,NULL,NULL,NULL,NULL,NULL
2692,1235,1/11/20,729,NULL,2,NULL,0.0027,0.49,NULL,0.97,NULL,0.2694,0,3.6,1,NULL,NULL,NULL,NULL,NULL,NULL,NULL,NULL,NULL,NULL
2693,1230,1/11/20,3545,NULL,3,NULL,0.0009,0.45,NULL,1.36,NULL,0.1433,0,9.49,1,NULL,NULL,NULL,NULL,NULL,NULL,NULL,NULL,NULL,NULL
2694,1243,1/11/20,75,NULL,1,NULL,0.0133,0.35,NULL,0.35,NULL,0,0,0,0,NULL,NULL,NULL,NULL,NULL,NULL,NULL,NULL,NULL,NULL
2695,1248,1/11/20,24768,NULL,68,NULL,0.0028,1.51,NULL,102.61,NULL,0.5766,0,177.97,6,NULL,NULL,NULL,NULL,NULL,NULL,NULL,NULL,NULL,NULL
2696,1252,1/11/20,528,NULL,1,NULL,0.0019,0.97,NULL,0.97,NULL,0,0,0,0,NULL,NULL,NULL,NULL,NULL,NULL,NULL,NULL,NULL,NULL
2697,1223,1/11/20,676,NULL,0,NULL,0,0,NULL,0,NULL,0,0,0,0,NULL,NULL,NULL,NULL,NULL,NULL,NULL,NULL,NULL,NULL
2698,1246,1/11/20,272,NULL,2,NULL,0.0074,0.37,NULL,0.74,NULL,0.0298,0,24.87,1,NULL,NULL,NULL,NULL,NULL,NULL,NULL,NULL,NULL,NULL
2699,2042,1/11/20,6123,15998,7,61,0.0011,0.95,1.47,6.68,89.97,0.4642,0,14.39,1,NULL,NULL,NULL,NULL,NULL,NULL,NULL,NULL,NULL,NULL
2700,1237,1/11/20,468,NULL,2,NULL,0.0043,1.1,NULL,2.2,NULL,0,0,0,0,NULL,NULL,NULL,NULL,NULL,NULL,NULL,NULL,NULL,NULL
2701,1238,1/11/20,9580,NULL,23,NULL,0.0024,2.27,NULL,52.13,NULL,0.7444,0,70.03,7,NULL,NULL,NULL,NULL,NULL,NULL,NULL,NULL,NULL,NULL
2702,1232,1/11/20,52,NULL,0,NULL,0,0,NULL,0,NULL,0,0,0,0,NULL,NULL,NULL,NULL,NULL,NULL,NULL,NULL,NULL,NULL
2703,1239,1/11/20,612,NULL,9,NULL,0.0147,0.56,NULL,5.03,NULL,0.4961,0,10.14,3,NULL,NULL,NULL,NULL,NULL,NULL,NULL,NULL,NULL,NULL
2704,1226,1/11/20,823,NULL,3,NULL,0.0037,1.01,NULL,3.03,NULL,0,0,0,0,NULL,NULL,NULL,NULL,NULL,NULL,NULL,NULL,NULL,NULL
2705,1245,1/11/20,12650,NULL,16,NULL,0.0013,1.3,NULL,20.83,NULL,0.4188,0,49.74,2,NULL,NULL,NULL,NULL,NULL,NULL,NULL,NULL,NULL,NULL
2706,1245,1/12/20,15406,NULL,16,NULL,0.001,1.28,NULL,20.43,NULL,0.3733,0,54.73,4,NULL,NULL,NULL,NULL,NULL,NULL,NULL,NULL,NULL,NULL
2707,1237,1/12/20,389,NULL,6,NULL,0.0154,1.71,NULL,10.25,NULL,0.1759,0,58.28,3,NULL,NULL,NULL,NULL,NULL,NULL,NULL,NULL,NULL,NULL
2708,1243,1/12/20,119,NULL,3,NULL,0.0252,0.85,NULL,2.56,NULL,0.0324,0,78.91,5,NULL,NULL,NULL,NULL,NULL,NULL,NULL,NULL,NULL,NULL
2709,1238,1/12/20,26135,NULL,69,NULL,0.0026,2.23,NULL,153.7,NULL,0.5775,0,266.15,21,NULL,NULL,NULL,NULL,NULL,NULL,NULL,NULL,NULL,NULL
2710,1230,1/12/20,20184,NULL,8,NULL,0.0004,0.47,NULL,3.72,NULL,0.5167,0,7.2,1,NULL,NULL,NULL,NULL,NULL,NULL,NULL,NULL,NULL,NULL
2711,1248,1/12/20,27227,NULL,68,NULL,0.0025,1.49,NULL,101.45,NULL,0.3288,0,308.51,15,NULL,NULL,NULL,NULL,NULL,NULL,NULL,NULL,NULL,NULL
2712,1223,1/12/20,853,NULL,0,NULL,0,0,NULL,0,NULL,0,0,0,0,NULL,NULL,NULL,NULL,NULL,NULL,NULL,NULL,NULL,NULL
2713,1246,1/12/20,324,NULL,1,NULL,0.0031,0.25,NULL,0.25,NULL,0,0,0,0,NULL,NULL,NULL,NULL,NULL,NULL,NULL,NULL,NULL,NULL
2714,1239,1/12/20,387,NULL,4,NULL,0.0103,0.9,NULL,3.6,NULL,0.0529,0,68.04,4,NULL,NULL,NULL,NULL,NULL,NULL,NULL,NULL,NULL,NULL
2715,2042,1/12/20,3943,12621,4,17,0.001,1.14,1.54,4.55,26.16,0,0,0,0,NULL,NULL,NULL,NULL,NULL,NULL,NULL,NULL,NULL,NULL
2716,1235,1/12/20,1437,NULL,15,NULL,0.0104,0.81,NULL,12.14,NULL,0.1234,0,98.4,8,NULL,NULL,NULL,NULL,NULL,NULL,NULL,NULL,NULL,NULL
2717,1226,1/12/20,941,NULL,3,NULL,0.0032,1.1,NULL,3.3,NULL,0,0,0,0,NULL,NULL,NULL,NULL,NULL,NULL,NULL,NULL,NULL,NULL
2718,1232,1/12/20,58,NULL,0,NULL,0,0,NULL,0,NULL,0,0,0,0,NULL,NULL,NULL,NULL,NULL,NULL,NULL,NULL,NULL,NULL
2719,1233,1/12/20,0,NULL,0,NULL,0,0,NULL,0,NULL,0,0,0,0,NULL,NULL,NULL,NULL,NULL,NULL,NULL,NULL,NULL,NULL
2720,1252,1/12/20,885,NULL,0,NULL,0,0,NULL,0,NULL,0,0,0,0,NULL,NULL,NULL,NULL,NULL,NULL,NULL,NULL,NULL,NULL
2721,1226,1/13/20,1291,NULL,4,NULL,0.0031,0.7,NULL,2.81,NULL,0,0,0,0,NULL,NULL,NULL,NULL,NULL,NULL,NULL,NULL,NULL,NULL
2722,1239,1/13/20,565,NULL,9,NULL,0.0159,0.9,NULL,8.12,NULL,0.1129,0,71.95,5,NULL,NULL,NULL,NULL,NULL,NULL,NULL,NULL,NULL,NULL
2723,1246,1/13/20,491,NULL,1,NULL,0.002,1.36,NULL,1.36,NULL,0.0273,0,49.74,1,NULL,NULL,NULL,NULL,NULL,NULL,NULL,NULL,NULL,NULL
2724,1235,1/13/20,2228,NULL,12,NULL,0.0054,0.88,NULL,10.53,NULL,0.1849,0,56.94,5,NULL,NULL,NULL,NULL,NULL,NULL,NULL,NULL,NULL,NULL
2725,1238,1/13/20,31794,NULL,76,NULL,0.0024,2.01,NULL,152.38,NULL,0.8544,0,178.35,21,NULL,NULL,NULL,NULL,NULL,NULL,NULL,NULL,NULL,NULL
2726,2042,1/13/20,7514,12535,7,30,0.0009,0.91,1.63,6.39,48.94,0.1886,0,33.88,2,NULL,NULL,NULL,NULL,NULL,NULL,NULL,NULL,NULL,NULL
2727,1245,1/13/20,18996,NULL,29,NULL,0.0015,1.26,NULL,36.43,NULL,0.1833,0,198.75,7,NULL,NULL,NULL,NULL,NULL,NULL,NULL,NULL,NULL,NULL
2728,1223,1/13/20,873,NULL,1,NULL,0.0012,0.1,NULL,0.1,NULL,0,0,0,0,NULL,NULL,NULL,NULL,NULL,NULL,NULL,NULL,NULL,NULL
2729,1230,1/13/20,21096,NULL,13,NULL,0.0006,0.36,NULL,4.65,NULL,0.4306,0,10.8,3,NULL,NULL,NULL,NULL,NULL,NULL,NULL,NULL,NULL,NULL
2730,1243,1/13/20,132,NULL,2,NULL,0.0152,1.97,NULL,3.94,NULL,0.2257,0,17.46,2,NULL,NULL,NULL,NULL,NULL,NULL,NULL,NULL,NULL,NULL
2731,1237,1/13/20,464,NULL,9,NULL,0.0194,1.79,NULL,16.14,NULL,0.1285,0,125.65,5,NULL,NULL,NULL,NULL,NULL,NULL,NULL,NULL,NULL,NULL
2732,1248,1/13/20,33237,NULL,66,NULL,0.002,1.57,NULL,103.33,NULL,0.2948,0,350.56,15,NULL,NULL,NULL,NULL,NULL,NULL,NULL,NULL,NULL,NULL
2733,1252,1/13/20,1117,NULL,2,NULL,0.0018,0.28,NULL,0.56,NULL,0,0,0,0,NULL,NULL,NULL,NULL,NULL,NULL,NULL,NULL,NULL,NULL
2734,1232,1/13/20,89,NULL,0,NULL,0,0,NULL,0,NULL,0,0,0,0,NULL,NULL,NULL,NULL,NULL,NULL,NULL,NULL,NULL,NULL
2735,1238,1/14/20,66204,NULL,146,NULL,0.0022,2.02,NULL,294.33,NULL,0.8468,0,347.58,38,NULL,NULL,NULL,NULL,NULL,NULL,NULL,NULL,NULL,NULL
2736,1248,1/14/20,25722,NULL,65,NULL,0.0025,1.59,NULL,103.25,NULL,0.5298,0,194.9,10,NULL,NULL,NULL,NULL,NULL,NULL,NULL,NULL,NULL,NULL
2737,1237,1/14/20,590,NULL,11,NULL,0.0186,1.19,NULL,13.07,NULL,0.1169,0,111.84,7,NULL,NULL,NULL,NULL,NULL,NULL,NULL,NULL,NULL,NULL
2738,1230,1/14/20,11047,NULL,4,NULL,0.0004,0.43,NULL,1.71,NULL,0,0,0,0,NULL,NULL,NULL,NULL,NULL,NULL,NULL,NULL,NULL,NULL
2739,1252,1/14/20,408,NULL,0,NULL,0,0,NULL,0,NULL,0,0,0,0,NULL,NULL,NULL,NULL,NULL,NULL,NULL,NULL,NULL,NULL
2740,1226,1/14/20,1239,NULL,2,NULL,0.0016,0.27,NULL,0.54,NULL,0,0,0,0,NULL,NULL,NULL,NULL,NULL,NULL,NULL,NULL,NULL,NULL
2741,1246,1/14/20,758,NULL,2,NULL,0.0026,1.09,NULL,2.17,NULL,0.0909,0,23.88,2,NULL,NULL,NULL,NULL,NULL,NULL,NULL,NULL,NULL,NULL
2742,1223,1/14/20,643,NULL,1,NULL,0.0016,0.48,NULL,0.48,NULL,0,0,0,0,NULL,NULL,NULL,NULL,NULL,NULL,NULL,NULL,NULL,NULL
2743,2042,1/14/20,6083,12305,6,25,0.001,0.99,1.62,5.91,40.46,0.3237,0,18.26,2,NULL,NULL,NULL,NULL,NULL,NULL,NULL,NULL,NULL,NULL
2744,1232,1/14/20,55,NULL,0,NULL,0,0,NULL,0,NULL,0,0,0,0,NULL,NULL,NULL,NULL,NULL,NULL,NULL,NULL,NULL,NULL
2745,1239,1/14/20,568,NULL,11,NULL,0.0194,0.63,NULL,6.89,NULL,0.0884,0,77.94,5,NULL,NULL,NULL,NULL,NULL,NULL,NULL,NULL,NULL,NULL
2746,1235,1/14/20,624,NULL,14,NULL,0.0224,1.11,NULL,15.48,NULL,0.1785,0,86.72,6,NULL,NULL,NULL,NULL,NULL,NULL,NULL,NULL,NULL,NULL
2747,1245,1/14/20,18856,NULL,17,NULL,0.0009,1.17,NULL,19.96,NULL,0.4013,0,49.74,2,NULL,NULL,NULL,NULL,NULL,NULL,NULL,NULL,NULL,NULL
2748,1243,1/14/20,78,NULL,1,NULL,0.0128,0.48,NULL,0.48,NULL,0,0,0,0,NULL,NULL,NULL,NULL,NULL,NULL,NULL,NULL,NULL,NULL
2749,1252,1/15/20,462,NULL,4,NULL,0.0087,1.44,NULL,5.75,NULL,0.2261,0,25.43,3,NULL,NULL,NULL,NULL,NULL,NULL,NULL,NULL,NULL,NULL
2750,2042,1/15/20,4805,10436,8,34,0.0017,0.93,1.61,7.46,54.62,0,0,0,0,NULL,NULL,NULL,NULL,NULL,NULL,NULL,NULL,NULL,NULL
2751,1245,1/15/20,18031,NULL,20,NULL,0.0011,1.26,NULL,25.25,NULL,0.5076,0,49.74,2,NULL,NULL,NULL,NULL,NULL,NULL,NULL,NULL,NULL,NULL
2752,1248,1/15/20,29726,NULL,60,NULL,0.002,1.74,NULL,104.15,NULL,0.6497,0,160.31,9,NULL,NULL,NULL,NULL,NULL,NULL,NULL,NULL,NULL,NULL
2753,1243,1/15/20,470,NULL,4,NULL,0.0085,1.39,NULL,5.57,NULL,0.0448,0,124.26,4,NULL,NULL,NULL,NULL,NULL,NULL,NULL,NULL,NULL,NULL
2754,1239,1/15/20,326,NULL,3,NULL,0.0092,0.65,NULL,1.96,NULL,0.0454,0,43.17,2,NULL,NULL,NULL,NULL,NULL,NULL,NULL,NULL,NULL,NULL
2755,1246,1/15/20,345,NULL,1,NULL,0.0029,1.48,NULL,1.48,NULL,0,0,0,0,NULL,NULL,NULL,NULL,NULL,NULL,NULL,NULL,NULL,NULL
2756,1238,1/15/20,75682,NULL,154,NULL,0.002,1.94,NULL,298.58,NULL,0.9875,0,302.37,35,NULL,NULL,NULL,NULL,NULL,NULL,NULL,NULL,NULL,NULL
2757,1226,1/15/20,741,NULL,0,NULL,0,0,NULL,0,NULL,0,0,0,0,NULL,NULL,NULL,NULL,NULL,NULL,NULL,NULL,NULL,NULL
2758,1232,1/15/20,72,NULL,0,NULL,0,0,NULL,0,NULL,0,0,0,0,NULL,NULL,NULL,NULL,NULL,NULL,NULL,NULL,NULL,NULL
2759,1237,1/15/20,404,NULL,3,NULL,0.0074,0.91,NULL,2.73,NULL,0,0,0,0,NULL,NULL,NULL,NULL,NULL,NULL,NULL,NULL,NULL,NULL
2760,1230,1/15/20,9731,NULL,2,NULL,0.0002,0.66,NULL,1.32,NULL,0,0,0,0,NULL,NULL,NULL,NULL,NULL,NULL,NULL,NULL,NULL,NULL
2761,1235,1/15/20,612,NULL,6,NULL,0.0098,0.92,NULL,5.53,NULL,0.5827,0,9.49,1,NULL,NULL,NULL,NULL,NULL,NULL,NULL,NULL,NULL,NULL
2762,1223,1/15/20,594,NULL,1,NULL,0.0017,0.43,NULL,0.43,NULL,0,0,0,0,NULL,NULL,NULL,NULL,NULL,NULL,NULL,NULL,NULL,NULL
2763,1235,1/16/20,853,NULL,9,NULL,0.0106,1.1,NULL,9.92,NULL,0.2613,0,37.96,2,NULL,NULL,NULL,NULL,NULL,NULL,NULL,NULL,NULL,NULL
2764,1248,1/16/20,29846,NULL,67,NULL,0.0022,1.54,NULL,103.18,NULL,0.2911,0,354.43,17,NULL,NULL,NULL,NULL,NULL,NULL,NULL,NULL,NULL,NULL
2765,1252,1/16/20,545,NULL,1,NULL,0.0018,0.87,NULL,0.87,NULL,0,0,0,0,NULL,NULL,NULL,NULL,NULL,NULL,NULL,NULL,NULL,NULL
2766,1223,1/16/20,641,NULL,1,NULL,0.0016,0.48,NULL,0.48,NULL,0,0,0,0,NULL,NULL,NULL,NULL,NULL,NULL,NULL,NULL,NULL,NULL
2767,1237,1/16/20,619,NULL,5,NULL,0.0081,0.99,NULL,4.96,NULL,0.2545,0,19.49,1,NULL,NULL,NULL,NULL,NULL,NULL,NULL,NULL,NULL,NULL
2768,2042,1/16/20,6140,9740,0,29,0,0,1.63,0,47.41,0,0,0,0,NULL,NULL,NULL,NULL,NULL,NULL,NULL,NULL,NULL,NULL
2769,1245,1/16/20,13357,NULL,15,NULL,0.0011,1.58,NULL,23.66,NULL,0.6027,0,39.26,2,NULL,NULL,NULL,NULL,NULL,NULL,NULL,NULL,NULL,NULL
2770,1238,1/16/20,58304,NULL,109,NULL,0.0019,2.02,NULL,220.04,NULL,1.1035,0,199.41,22,NULL,NULL,NULL,NULL,NULL,NULL,NULL,NULL,NULL,NULL
2771,1226,1/16/20,789,NULL,0,NULL,0,0,NULL,0,NULL,0,0,0,0,NULL,NULL,NULL,NULL,NULL,NULL,NULL,NULL,NULL,NULL
2772,1232,1/16/20,82,NULL,0,NULL,0,0,NULL,0,NULL,0,0,0,0,NULL,NULL,NULL,NULL,NULL,NULL,NULL,NULL,NULL,NULL
2773,1239,1/16/20,528,NULL,13,NULL,0.0246,0.84,NULL,10.88,NULL,0.0988,0,110.1,8,NULL,NULL,NULL,NULL,NULL,NULL,NULL,NULL,NULL,NULL
2774,1246,1/16/20,398,NULL,1,NULL,0.0025,1.09,NULL,1.09,NULL,0.0241,0,45.25,2,NULL,NULL,NULL,NULL,NULL,NULL,NULL,NULL,NULL,NULL
2775,1243,1/16/20,122,NULL,3,NULL,0.0246,1.14,NULL,3.43,NULL,0.2428,0,14.13,1,NULL,NULL,NULL,NULL,NULL,NULL,NULL,NULL,NULL,NULL
2776,1230,1/16/20,9955,NULL,11,NULL,0.0011,0.49,NULL,5.35,NULL,0.2819,0,18.98,2,NULL,NULL,NULL,NULL,NULL,NULL,NULL,NULL,NULL,NULL
2777,1246,1/17/20,200,NULL,0,NULL,0,0,NULL,0,NULL,0,0,0,0,NULL,NULL,NULL,NULL,NULL,NULL,NULL,NULL,NULL,NULL
2778,2042,1/17/20,4201,6070,9,18,0.0021,0.97,1.42,8.75,25.56,0,0,0,0,NULL,NULL,NULL,NULL,NULL,NULL,NULL,NULL,NULL,NULL
2779,1232,1/17/20,121,NULL,0,NULL,0,0,NULL,0,NULL,0,0,0,0,NULL,NULL,NULL,NULL,NULL,NULL,NULL,NULL,NULL,NULL
2780,1239,1/17/20,491,NULL,4,NULL,0.0082,0.8,NULL,3.19,NULL,0.0346,0,92.33,5,NULL,NULL,NULL,NULL,NULL,NULL,NULL,NULL,NULL,NULL
2781,1248,1/17/20,28980,NULL,64,NULL,0.0022,1.61,NULL,102.98,NULL,0.6456,0,159.52,9,NULL,NULL,NULL,NULL,NULL,NULL,NULL,NULL,NULL,NULL
2782,1243,1/17/20,700,NULL,2,NULL,0.0029,0.33,NULL,0.65,NULL,0.0141,0,46.05,2,NULL,NULL,NULL,NULL,NULL,NULL,NULL,NULL,NULL,NULL
2783,1230,1/17/20,9271,NULL,5,NULL,0.0005,0.47,NULL,2.34,NULL,0,0,0,0,NULL,NULL,NULL,NULL,NULL,NULL,NULL,NULL,NULL,NULL
2784,1237,1/17/20,586,NULL,5,NULL,0.0085,1.76,NULL,8.79,NULL,0.1814,0,48.47,3,NULL,NULL,NULL,NULL,NULL,NULL,NULL,NULL,NULL,NULL
2785,1245,1/17/20,13862,NULL,15,NULL,0.0011,1.06,NULL,15.97,NULL,0.6421,0,24.87,1,NULL,NULL,NULL,NULL,NULL,NULL,NULL,NULL,NULL,NULL
2786,1252,1/17/20,228,NULL,1,NULL,0.0044,0.19,NULL,0.19,NULL,0.0119,0,15.94,1,NULL,NULL,NULL,NULL,NULL,NULL,NULL,NULL,NULL,NULL
2787,1235,1/17/20,486,NULL,7,NULL,0.0144,0.78,NULL,5.46,NULL,0.5753,0,9.49,1,NULL,NULL,NULL,NULL,NULL,NULL,NULL,NULL,NULL,NULL
2788,1223,1/17/20,500,NULL,2,NULL,0.004,0.34,NULL,0.68,NULL,0,0,0,0,NULL,NULL,NULL,NULL,NULL,NULL,NULL,NULL,NULL,NULL
2789,1238,1/17/20,41531,NULL,97,NULL,0.0023,1.97,NULL,191.06,NULL,1.1016,0,173.44,18,NULL,NULL,NULL,NULL,NULL,NULL,NULL,NULL,NULL,NULL
2790,1226,1/17/20,597,NULL,2,NULL,0.0034,0.6,NULL,1.19,NULL,0,0,0,0,NULL,NULL,NULL,NULL,NULL,NULL,NULL,NULL,NULL,NULL
2791,1226,1/18/20,454,NULL,0,NULL,0,0,NULL,0,NULL,0,0,0,0,NULL,NULL,NULL,NULL,NULL,NULL,NULL,NULL,NULL,NULL
2792,1246,1/18/20,231,NULL,1,NULL,0.0043,1.71,NULL,1.71,NULL,0,0,0,0,NULL,NULL,NULL,NULL,NULL,NULL,NULL,NULL,NULL,NULL
2793,1233,1/18/20,554,NULL,2,NULL,0.0036,1.34,NULL,2.68,NULL,0,0,0,0,NULL,NULL,NULL,NULL,NULL,NULL,NULL,NULL,NULL,NULL
2794,2042,1/18/20,3595,6359,3,16,0.0008,1.02,1.29,3.05,20.56,0,0,0,0,NULL,NULL,NULL,NULL,NULL,NULL,NULL,NULL,NULL,NULL
2795,1238,1/18/20,53425,NULL,120,NULL,0.0023,1.9,NULL,228.48,NULL,1.2017,0,190.13,20,NULL,NULL,NULL,NULL,NULL,NULL,NULL,NULL,NULL,NULL
2796,1223,1/18/20,511,NULL,0,NULL,0,0,NULL,0,NULL,0,0,0,0,NULL,NULL,NULL,NULL,NULL,NULL,NULL,NULL,NULL,NULL
2797,1235,1/18/20,351,NULL,6,NULL,0.0171,0.68,NULL,4.09,NULL,0.0726,0,56.33,4,NULL,NULL,NULL,NULL,NULL,NULL,NULL,NULL,NULL,NULL
2798,1239,1/18/20,260,NULL,11,NULL,0.0423,0.75,NULL,8.25,NULL,0.0717,0,115.12,7,NULL,NULL,NULL,NULL,NULL,NULL,NULL,NULL,NULL,NULL
2799,1237,1/18/20,302,NULL,7,NULL,0.0232,0.91,NULL,6.4,NULL,0.1136,0,56.36,3,NULL,NULL,NULL,NULL,NULL,NULL,NULL,NULL,NULL,NULL
2800,1243,1/18/20,50,NULL,0,NULL,0,0,NULL,0,NULL,0,0,0,0,NULL,NULL,NULL,NULL,NULL,NULL,NULL,NULL,NULL,NULL
2801,1230,1/18/20,6996,NULL,5,NULL,0.0007,0.31,NULL,1.54,NULL,0.4278,0,3.6,1,NULL,NULL,NULL,NULL,NULL,NULL,NULL,NULL,NULL,NULL
2802,1249,1/18/20,20,NULL,0,NULL,0,0,NULL,0,NULL,0,0,0,0,NULL,NULL,NULL,NULL,NULL,NULL,NULL,NULL,NULL,NULL
2803,1252,1/18/20,325,NULL,3,NULL,0.0092,0.74,NULL,2.23,NULL,0.2805,0,7.95,1,NULL,NULL,NULL,NULL,NULL,NULL,NULL,NULL,NULL,NULL
2804,1248,1/18/20,32993,NULL,66,NULL,0.002,1.53,NULL,101.28,NULL,0.4195,0,241.43,11,NULL,NULL,NULL,NULL,NULL,NULL,NULL,NULL,NULL,NULL
2805,1232,1/18/20,74,NULL,0,NULL,0,0,NULL,0,NULL,0,0,0,0,NULL,NULL,NULL,NULL,NULL,NULL,NULL,NULL,NULL,NULL
2806,1245,1/18/20,12959,NULL,14,NULL,0.0011,1.24,NULL,17.33,NULL,0.2323,0,74.61,3,NULL,NULL,NULL,NULL,NULL,NULL,NULL,NULL,NULL,NULL
2807,1245,1/19/20,12861,NULL,21,NULL,0.0016,1.16,NULL,24.4,NULL,0.2072,0,117.74,6,NULL,NULL,NULL,NULL,NULL,NULL,NULL,NULL,NULL,NULL
2808,1239,1/19/20,461,NULL,6,NULL,0.013,0.58,NULL,3.49,NULL,0.0633,0,55.15,2,NULL,NULL,NULL,NULL,NULL,NULL,NULL,NULL,NULL,NULL
2809,1238,1/19/20,60172,NULL,146,NULL,0.0024,1.74,NULL,253.92,NULL,0.7827,0,324.41,44,NULL,NULL,NULL,NULL,NULL,NULL,NULL,NULL,NULL,NULL
2810,1223,1/19/20,657,NULL,0,NULL,0,0,NULL,0,NULL,0,0,0,0,NULL,NULL,NULL,NULL,NULL,NULL,NULL,NULL,NULL,NULL
2811,1230,1/19/20,9439,NULL,2,NULL,0.0002,0.48,NULL,0.95,NULL,0.2639,0,3.6,1,NULL,NULL,NULL,NULL,NULL,NULL,NULL,NULL,NULL,NULL
2812,1233,1/19/20,7932,NULL,19,NULL,0.0024,1.38,NULL,26.19,NULL,1.9075,0,13.73,3,NULL,NULL,NULL,NULL,NULL,NULL,NULL,NULL,NULL,NULL
2813,1232,1/19/20,124,NULL,0,NULL,0,0,NULL,0,NULL,0,0,0,0,NULL,NULL,NULL,NULL,NULL,NULL,NULL,NULL,NULL,NULL
2814,2042,1/19/20,5461,6203,13,25,0.0024,1.1,1.16,14.26,28.99,0.991,0,14.39,1,NULL,NULL,NULL,NULL,NULL,NULL,NULL,NULL,NULL,NULL
2815,1243,1/19/20,106,NULL,3,NULL,0.0283,1.07,NULL,3.22,NULL,0.0354,0,91.01,4,NULL,NULL,NULL,NULL,NULL,NULL,NULL,NULL,NULL,NULL
2816,1252,1/19/20,287,NULL,3,NULL,0.0105,1.56,NULL,4.68,NULL,0.5872,0,7.97,1,NULL,NULL,NULL,NULL,NULL,NULL,NULL,NULL,NULL,NULL
2817,1248,1/19/20,22264,NULL,65,NULL,0.0029,1.58,NULL,102.83,NULL,0.4915,0,209.21,11,NULL,NULL,NULL,NULL,NULL,NULL,NULL,NULL,NULL,NULL
2818,1246,1/19/20,160,NULL,2,NULL,0.0125,1.35,NULL,2.69,NULL,0,0,0,0,NULL,NULL,NULL,NULL,NULL,NULL,NULL,NULL,NULL,NULL
2819,1235,1/19/20,489,NULL,4,NULL,0.0082,0.49,NULL,1.97,NULL,0.1038,0,18.98,2,NULL,NULL,NULL,NULL,NULL,NULL,NULL,NULL,NULL,NULL
2820,1226,1/19/20,621,NULL,0,NULL,0,0,NULL,0,NULL,0,0,0,0,NULL,NULL,NULL,NULL,NULL,NULL,NULL,NULL,NULL,NULL
2821,1237,1/19/20,518,NULL,4,NULL,0.0077,2.14,NULL,8.56,NULL,0.4392,0,19.49,1,NULL,NULL,NULL,NULL,NULL,NULL,NULL,NULL,NULL,NULL
2822,1249,1/19/20,761,NULL,0,NULL,0,0,NULL,0,NULL,0,0,0,0,NULL,NULL,NULL,NULL,NULL,NULL,NULL,NULL,NULL,NULL
2823,1249,1/20/20,673,NULL,4,NULL,0.0059,1.22,NULL,4.89,NULL,0,0,0,0,NULL,NULL,NULL,NULL,NULL,NULL,NULL,NULL,NULL,NULL
2824,1245,1/20/20,16869,NULL,19,NULL,0.0011,1.32,NULL,25.12,NULL,0.2645,0,94.99,4,NULL,NULL,NULL,NULL,NULL,NULL,NULL,NULL,NULL,NULL
2825,1232,1/20/20,163,NULL,0,NULL,0,0,NULL,0,NULL,0,0,0,0,NULL,NULL,NULL,NULL,NULL,NULL,NULL,NULL,NULL,NULL
2826,1230,1/20/20,12358,NULL,7,NULL,0.0006,0.33,NULL,2.34,NULL,0.65,0,3.6,1,NULL,NULL,NULL,NULL,NULL,NULL,NULL,NULL,NULL,NULL
2827,2042,1/20/20,9458,6646,7,23,0.0007,0.7,1.64,4.93,37.79,0,0,0,0,NULL,NULL,NULL,NULL,NULL,NULL,NULL,NULL,NULL,NULL
2828,1248,1/20/20,22522,NULL,69,NULL,0.0031,1.51,NULL,103.95,NULL,0.2128,0,488.5,18,NULL,NULL,NULL,NULL,NULL,NULL,NULL,NULL,NULL,NULL
2829,1239,1/20/20,696,NULL,5,NULL,0.0072,0.76,NULL,3.79,NULL,0.1021,0,37.12,2,NULL,NULL,NULL,NULL,NULL,NULL,NULL,NULL,NULL,NULL
2830,1238,1/20/20,65490,NULL,157,NULL,0.0024,1.79,NULL,281.11,NULL,0.9417,0,298.53,43,NULL,NULL,NULL,NULL,NULL,NULL,NULL,NULL,NULL,NULL
2831,1233,1/20/20,8899,NULL,23,NULL,0.0026,1.07,NULL,24.52,NULL,0.714,0,34.34,4,NULL,NULL,NULL,NULL,NULL,NULL,NULL,NULL,NULL,NULL
2832,1243,1/20/20,93,NULL,4,NULL,0.043,0.66,NULL,2.63,NULL,0.0282,0,93.18,4,NULL,NULL,NULL,NULL,NULL,NULL,NULL,NULL,NULL,NULL
2833,1223,1/20/20,707,NULL,1,NULL,0.0014,0.23,NULL,0.23,NULL,0,0,0,0,NULL,NULL,NULL,NULL,NULL,NULL,NULL,NULL,NULL,NULL
2834,1252,1/20/20,654,NULL,2,NULL,0.0031,0.79,NULL,1.58,NULL,0,0,0,0,NULL,NULL,NULL,NULL,NULL,NULL,NULL,NULL,NULL,NULL
2835,1235,1/20/20,872,NULL,17,NULL,0.0195,0.88,NULL,14.93,NULL,0.1175,0,127.12,12,NULL,NULL,NULL,NULL,NULL,NULL,NULL,NULL,NULL,NULL
2836,1226,1/20/20,891,NULL,2,NULL,0.0022,0.78,NULL,1.56,NULL,0,0,0,0,NULL,NULL,NULL,NULL,NULL,NULL,NULL,NULL,NULL,NULL
2837,1246,1/20/20,191,NULL,1,NULL,0.0052,1.76,NULL,1.76,NULL,0,0,0,0,NULL,NULL,NULL,NULL,NULL,NULL,NULL,NULL,NULL,NULL
2838,1237,1/20/20,641,NULL,7,NULL,0.0109,0.99,NULL,6.96,NULL,0.0983,0,70.78,3,NULL,NULL,NULL,NULL,NULL,NULL,NULL,NULL,NULL,NULL
2839,1252,1/21/20,787,NULL,2,NULL,0.0025,0.92,NULL,1.83,NULL,0,0,0,0,NULL,NULL,NULL,NULL,NULL,NULL,NULL,NULL,NULL,NULL
2840,2042,1/21/20,17063,8241,24,30,0.0014,1.01,1.5,24.21,45.09,0.0624,0,387.78,8,NULL,NULL,NULL,NULL,NULL,NULL,NULL,NULL,NULL,NULL
2841,1232,1/21/20,217,NULL,1,NULL,0.0046,1.87,NULL,1.87,NULL,0,0,0,0,NULL,NULL,NULL,NULL,NULL,NULL,NULL,NULL,NULL,NULL
2842,1239,1/21/20,626,NULL,12,NULL,0.0192,0.43,NULL,5.2,NULL,0.0404,0,128.69,8,NULL,NULL,NULL,NULL,NULL,NULL,NULL,NULL,NULL,NULL
2843,1237,1/21/20,361,NULL,2,NULL,0.0055,1.04,NULL,2.08,NULL,0.1067,0,19.49,1,NULL,NULL,NULL,NULL,NULL,NULL,NULL,NULL,NULL,NULL
2844,1230,1/21/20,13415,NULL,3,NULL,0.0002,0.31,NULL,0.92,NULL,0.2556,0,3.6,1,NULL,NULL,NULL,NULL,NULL,NULL,NULL,NULL,NULL,NULL
2845,1235,1/21/20,1103,NULL,13,NULL,0.0118,1.21,NULL,15.75,NULL,0.0856,0,183.91,7,NULL,NULL,NULL,NULL,NULL,NULL,NULL,NULL,NULL,NULL
2846,1248,1/21/20,51592,NULL,126,NULL,0.0024,1.46,NULL,183.44,NULL,0.7913,0,231.81,8,NULL,NULL,NULL,NULL,NULL,NULL,NULL,NULL,NULL,NULL
2847,1246,1/21/20,328,NULL,1,NULL,0.0031,1.25,NULL,1.25,NULL,0,0,0,0,NULL,NULL,NULL,NULL,NULL,NULL,NULL,NULL,NULL,NULL
2848,1233,1/21/20,6825,NULL,18,NULL,0.0026,1.24,NULL,22.37,NULL,0.7002,0,31.95,3,NULL,NULL,NULL,NULL,NULL,NULL,NULL,NULL,NULL,NULL
2849,1249,1/21/20,1398,NULL,3,NULL,0.0022,0.68,NULL,2.04,NULL,0,0,0,0,NULL,NULL,NULL,NULL,NULL,NULL,NULL,NULL,NULL,NULL
2850,1243,1/21/20,60,NULL,1,NULL,0.0167,0.25,NULL,0.25,NULL,0.0133,0,18.84,1,NULL,NULL,NULL,NULL,NULL,NULL,NULL,NULL,NULL,NULL
2851,1245,1/21/20,24693,NULL,29,NULL,0.0012,1.24,NULL,35.93,NULL,0.347,0,103.55,5,NULL,NULL,NULL,NULL,NULL,NULL,NULL,NULL,NULL,NULL
2852,1226,1/21/20,1655,NULL,1,NULL,0.0006,1.42,NULL,1.42,NULL,0.0729,0,19.49,1,NULL,NULL,NULL,NULL,NULL,NULL,NULL,NULL,NULL,NULL
2853,1238,1/21/20,67301,NULL,131,NULL,0.002,1.76,NULL,230.8,NULL,0.6941,0,332.5,35,NULL,NULL,NULL,NULL,NULL,NULL,NULL,NULL,NULL,NULL
2854,1223,1/21/20,951,NULL,1,NULL,0.0011,0.43,NULL,0.43,NULL,0,0,0,0,NULL,NULL,NULL,NULL,NULL,NULL,NULL,NULL,NULL,NULL
2855,1233,1/22/20,9020,NULL,35,NULL,0.0039,1.33,NULL,46.62,NULL,0.7075,0,65.89,7,NULL,NULL,NULL,NULL,NULL,NULL,NULL,NULL,NULL,NULL
2856,1230,1/22/20,15523,NULL,6,NULL,0.0004,0.37,NULL,2.21,NULL,0,0,0,0,NULL,NULL,NULL,NULL,NULL,NULL,NULL,NULL,NULL,NULL
2857,1243,1/22/20,114,NULL,2,NULL,0.0175,1.09,NULL,2.17,NULL,0.0576,0,37.68,2,NULL,NULL,NULL,NULL,NULL,NULL,NULL,NULL,NULL,NULL
2858,1237,1/22/20,958,NULL,9,NULL,0.0094,1.11,NULL,9.97,NULL,0.1083,0,92.06,4,NULL,NULL,NULL,NULL,NULL,NULL,NULL,NULL,NULL,NULL
2859,1223,1/22/20,1081,NULL,0,NULL,0,0,NULL,0,NULL,0,0,0,0,NULL,NULL,NULL,NULL,NULL,NULL,NULL,NULL,NULL,NULL
2860,1235,1/22/20,668,NULL,11,NULL,0.0165,0.89,NULL,9.78,NULL,0.0937,0,104.39,6,NULL,NULL,NULL,NULL,NULL,NULL,NULL,NULL,NULL,NULL
2861,1246,1/22/20,473,NULL,4,NULL,0.0085,1.16,NULL,4.62,NULL,0.0829,0,55.73,3,NULL,NULL,NULL,NULL,NULL,NULL,NULL,NULL,NULL,NULL
2862,1249,1/22/20,1514,NULL,5,NULL,0.0033,0.87,NULL,4.36,NULL,0,0,0,0,NULL,NULL,NULL,NULL,NULL,NULL,NULL,NULL,NULL,NULL
2863,1245,1/22/20,29805,NULL,32,NULL,0.0011,1.13,NULL,36.17,NULL,0.7272,0,49.74,2,NULL,NULL,NULL,NULL,NULL,NULL,NULL,NULL,NULL,NULL
2864,1238,1/22/20,53649,NULL,119,NULL,0.0022,1.24,NULL,147.74,NULL,0.6214,0,237.77,31,NULL,NULL,NULL,NULL,NULL,NULL,NULL,NULL,NULL,NULL
2865,1239,1/22/20,469,NULL,17,NULL,0.0363,0.63,NULL,10.63,NULL,0.0933,0,113.96,10,NULL,NULL,NULL,NULL,NULL,NULL,NULL,NULL,NULL,NULL
2866,1226,1/22/20,2591,NULL,4,NULL,0.0015,0.59,NULL,2.37,NULL,0,0,0,0,NULL,NULL,NULL,NULL,NULL,NULL,NULL,NULL,NULL,NULL
2867,2042,1/22/20,12620,14448,22,43,0.0017,0.92,1.77,20.32,75.96,0.6863,0,29.61,3,NULL,NULL,NULL,NULL,NULL,NULL,NULL,NULL,NULL,NULL
2868,1252,1/22/20,536,NULL,3,NULL,0.0056,0.52,NULL,1.55,NULL,0,0,0,0,NULL,NULL,NULL,NULL,NULL,NULL,NULL,NULL,NULL,NULL
2869,1232,1/22/20,196,NULL,0,NULL,0,0,NULL,0,NULL,0,0,0,0,NULL,NULL,NULL,NULL,NULL,NULL,NULL,NULL,NULL,NULL
2870,1248,1/22/20,46591,NULL,128,NULL,0.0028,1.57,NULL,200.62,NULL,0.3366,0,596.05,21,NULL,NULL,NULL,NULL,NULL,NULL,NULL,NULL,NULL,NULL
2871,2042,1/23/20,19903,12176,39,51,0.002,0.88,1.22,34.37,62.13,0.1572,0,218.64,13,NULL,NULL,NULL,NULL,NULL,NULL,NULL,NULL,NULL,NULL
2872,1246,1/23/20,444,NULL,2,NULL,0.0045,1.1,NULL,2.2,NULL,0,0,0,0,NULL,NULL,NULL,NULL,NULL,NULL,NULL,NULL,NULL,NULL
2873,1223,1/23/20,1612,NULL,3,NULL,0.0019,0.31,NULL,0.94,NULL,0,0,0,0,NULL,NULL,NULL,NULL,NULL,NULL,NULL,NULL,NULL,NULL
2874,1233,1/23/20,7848,NULL,32,NULL,0.0041,1.19,NULL,38.2,NULL,1.5943,0,23.96,3,NULL,NULL,NULL,NULL,NULL,NULL,NULL,NULL,NULL,NULL
2875,1237,1/23/20,735,NULL,6,NULL,0.0082,1.21,NULL,7.24,NULL,0.0666,0,108.72,5,NULL,NULL,NULL,NULL,NULL,NULL,NULL,NULL,NULL,NULL
2876,1252,1/23/20,570,NULL,2,NULL,0.0035,0.94,NULL,1.88,NULL,0,0,0,0,NULL,NULL,NULL,NULL,NULL,NULL,NULL,NULL,NULL,NULL
2877,1230,1/23/20,16178,NULL,21,NULL,0.0013,0.47,NULL,9.89,NULL,0.3321,0,29.78,5,NULL,NULL,NULL,NULL,NULL,NULL,NULL,NULL,NULL,NULL
2878,1248,1/23/20,52282,NULL,138,NULL,0.0026,1.41,NULL,194.87,NULL,0.3549,0,549.12,25,NULL,NULL,NULL,NULL,NULL,NULL,NULL,NULL,NULL,NULL
2879,1249,1/23/20,1735,NULL,6,NULL,0.0035,1,NULL,5.97,NULL,0.1677,0,35.6,4,NULL,NULL,NULL,NULL,NULL,NULL,NULL,NULL,NULL,NULL
2880,1245,1/23/20,28121,NULL,32,NULL,0.0011,1.19,NULL,38.05,NULL,0.7464,0,50.98,4,NULL,NULL,NULL,NULL,NULL,NULL,NULL,NULL,NULL,NULL
2881,1239,1/23/20,1370,NULL,13,NULL,0.0095,0.75,NULL,9.7,NULL,0.1201,0,80.74,6,NULL,NULL,NULL,NULL,NULL,NULL,NULL,NULL,NULL,NULL
2882,1232,1/23/20,99,NULL,0,NULL,0,0,NULL,0,NULL,0,0,0,0,NULL,NULL,NULL,NULL,NULL,NULL,NULL,NULL,NULL,NULL
2883,1238,1/23/20,56349,NULL,117,NULL,0.0021,1.6,NULL,186.78,NULL,0.5692,0,328.17,36,NULL,NULL,NULL,NULL,NULL,NULL,NULL,NULL,NULL,NULL
2884,1226,1/23/20,5574,NULL,8,NULL,0.0014,0.82,NULL,6.54,NULL,0.1642,0,39.83,2,NULL,NULL,NULL,NULL,NULL,NULL,NULL,NULL,NULL,NULL
2885,1243,1/23/20,104,NULL,5,NULL,0.0481,1.47,NULL,7.35,NULL,0.0536,0,137.17,6,NULL,NULL,NULL,NULL,NULL,NULL,NULL,NULL,NULL,NULL
2886,1235,1/23/20,868,NULL,13,NULL,0.015,0.67,NULL,8.74,NULL,0.1132,0,77.23,6,NULL,NULL,NULL,NULL,NULL,NULL,NULL,NULL,NULL,NULL
2887,1226,1/24/20,613,NULL,2,NULL,0.0033,1.01,NULL,2.02,NULL,0,0,0,0,NULL,NULL,NULL,NULL,NULL,NULL,NULL,NULL,NULL,NULL
2888,1239,1/24/20,362,NULL,16,NULL,0.0442,0.67,NULL,10.77,NULL,0.0638,0,168.92,6,NULL,NULL,NULL,NULL,NULL,NULL,NULL,NULL,NULL,NULL
2889,1246,1/24/20,792,NULL,6,NULL,0.0076,1.08,NULL,6.48,NULL,0.064,0,101.3,4,NULL,NULL,NULL,NULL,NULL,NULL,NULL,NULL,NULL,NULL
2890,1233,1/24/20,1182,NULL,5,NULL,0.0042,1.05,NULL,5.25,NULL,0,0,0,0,NULL,NULL,NULL,NULL,NULL,NULL,NULL,NULL,NULL,NULL
2891,1248,1/24/20,14475,NULL,58,NULL,0.004,1.25,NULL,72.71,NULL,0.3776,0,192.57,9,NULL,NULL,NULL,NULL,NULL,NULL,NULL,NULL,NULL,NULL
2892,1235,1/24/20,270,NULL,9,NULL,0.0333,0.99,NULL,8.95,NULL,0.2358,0,37.96,3,NULL,NULL,NULL,NULL,NULL,NULL,NULL,NULL,NULL,NULL
2893,1223,1/24/20,2120,NULL,3,NULL,0.0014,0.48,NULL,1.43,NULL,0,0,0,0,NULL,NULL,NULL,NULL,NULL,NULL,NULL,NULL,NULL,NULL
2894,1238,1/24/20,23270,NULL,49,NULL,0.0021,1.56,NULL,76.57,NULL,0.5414,0,141.42,15,NULL,NULL,NULL,NULL,NULL,NULL,NULL,NULL,NULL,NULL
2895,1230,1/24/20,8492,NULL,2,NULL,0.0002,0.24,NULL,0.47,NULL,0,0,0,0,NULL,NULL,NULL,NULL,NULL,NULL,NULL,NULL,NULL,NULL
2896,1243,1/24/20,98,NULL,2,NULL,0.0204,1.06,NULL,2.11,NULL,0.0895,0,23.57,1,NULL,NULL,NULL,NULL,NULL,NULL,NULL,NULL,NULL,NULL
2897,2042,1/24/20,6992,12233,19,62,0.0027,0.82,1.55,15.52,95.89,0.125,0,124.2,4,NULL,NULL,NULL,NULL,NULL,NULL,NULL,NULL,NULL,NULL
2898,1252,1/24/20,757,NULL,4,NULL,0.0053,0.62,NULL,2.49,NULL,0.1562,0,15.94,1,NULL,NULL,NULL,NULL,NULL,NULL,NULL,NULL,NULL,NULL
2899,1232,1/24/20,14,NULL,0,NULL,0,0,NULL,0,NULL,0,0,0,0,NULL,NULL,NULL,NULL,NULL,NULL,NULL,NULL,NULL,NULL
2900,1237,1/24/20,248,NULL,12,NULL,0.0484,2.2,NULL,26.36,NULL,0.1842,0,143.12,8,NULL,NULL,NULL,NULL,NULL,NULL,NULL,NULL,NULL,NULL
2901,1245,1/24/20,6678,NULL,7,NULL,0.0011,0.76,NULL,5.31,NULL,0,0,0,0,NULL,NULL,NULL,NULL,NULL,NULL,NULL,NULL,NULL,NULL
2902,1249,1/24/20,660,NULL,4,NULL,0.0061,1.3,NULL,5.18,NULL,0.1406,0,36.85,3,NULL,NULL,NULL,NULL,NULL,NULL,NULL,NULL,NULL,NULL
2903,1245,1/25/20,6004,NULL,4,NULL,0.0007,1.25,NULL,5.01,NULL,0.2726,0,18.38,1,NULL,NULL,NULL,NULL,NULL,NULL,NULL,NULL,NULL,NULL
2904,1246,1/25/20,310,NULL,4,NULL,0.0129,1.5,NULL,6.01,NULL,0.327,0,18.38,1,NULL,NULL,NULL,NULL,NULL,NULL,NULL,NULL,NULL,NULL
2905,1248,1/25/20,5744,NULL,18,NULL,0.0031,1.64,NULL,29.46,NULL,0.5956,0,49.46,3,NULL,NULL,NULL,NULL,NULL,NULL,NULL,NULL,NULL,NULL
2906,1249,1/25/20,653,NULL,6,NULL,0.0092,1.06,NULL,6.36,NULL,0.3539,0,17.97,1,NULL,NULL,NULL,NULL,NULL,NULL,NULL,NULL,NULL,NULL
2907,1243,1/25/20,153,NULL,2,NULL,0.0131,1.54,NULL,3.07,NULL,0,0,0,0,NULL,NULL,NULL,NULL,NULL,NULL,NULL,NULL,NULL,NULL
2908,1239,1/25/20,530,NULL,16,NULL,0.0302,0.63,NULL,10.04,NULL,0.1999,0,50.22,2,NULL,NULL,NULL,NULL,NULL,NULL,NULL,NULL,NULL,NULL
2909,1223,1/25/20,3296,NULL,9,NULL,0.0027,0.38,NULL,3.43,NULL,0.1021,0,33.59,1,NULL,NULL,NULL,NULL,NULL,NULL,NULL,NULL,NULL,NULL
2910,1230,1/25/20,8732,NULL,8,NULL,0.0009,0.58,NULL,4.6,NULL,0.4847,0,9.49,1,NULL,NULL,NULL,NULL,NULL,NULL,NULL,NULL,NULL,NULL
2911,1237,1/25/20,809,NULL,15,NULL,0.0185,0.86,NULL,12.95,NULL,0.1409,0,91.94,2,NULL,NULL,NULL,NULL,NULL,NULL,NULL,NULL,NULL,NULL
2912,1235,1/25/20,395,NULL,5,NULL,0.0127,0.99,NULL,4.97,NULL,0.5237,0,9.49,1,NULL,NULL,NULL,NULL,NULL,NULL,NULL,NULL,NULL,NULL
2913,1233,1/25/20,2141,NULL,5,NULL,0.0023,1.17,NULL,5.84,NULL,0.4706,0,12.41,2,NULL,NULL,NULL,NULL,NULL,NULL,NULL,NULL,NULL,NULL
2914,1252,1/25/20,682,NULL,3,NULL,0.0044,1.53,NULL,4.58,NULL,0.5747,0,7.97,1,NULL,NULL,NULL,NULL,NULL,NULL,NULL,NULL,NULL,NULL
2915,2042,1/25/20,7572,10245,15,37,0.002,1.07,1.59,16.12,58.93,0.5372,0,30.01,3,NULL,NULL,NULL,NULL,NULL,NULL,NULL,NULL,NULL,NULL
2916,1238,1/25/20,15617,NULL,68,NULL,0.0044,1.05,NULL,71.72,NULL,0.4178,0,171.67,20,NULL,NULL,NULL,NULL,NULL,NULL,NULL,NULL,NULL,NULL
2917,1235,1/26/20,661,NULL,15,NULL,0.0227,0.7,NULL,10.51,NULL,0.0489,0,215.01,12,NULL,NULL,NULL,NULL,NULL,NULL,NULL,NULL,NULL,NULL
2918,1239,1/26/20,419,NULL,17,NULL,0.0406,0.61,NULL,10.3,NULL,0.0184,0,561.07,18,NULL,NULL,NULL,NULL,NULL,NULL,NULL,NULL,NULL,NULL
2919,1233,1/26/20,1227,NULL,4,NULL,0.0033,1.68,NULL,6.72,NULL,0,0,0,0,NULL,NULL,NULL,NULL,NULL,NULL,NULL,NULL,NULL,NULL
2920,1246,1/26/20,205,NULL,0,NULL,0,0,NULL,0,NULL,0,0,0,0,NULL,NULL,NULL,NULL,NULL,NULL,NULL,NULL,NULL,NULL
2921,1252,1/26/20,1008,NULL,4,NULL,0.004,1.2,NULL,4.81,NULL,0.0923,0,52.13,4,NULL,NULL,NULL,NULL,NULL,NULL,NULL,NULL,NULL,NULL
2922,2042,1/26/20,3424,10787,15,49,0.0044,1.02,1.34,15.31,65.64,0.7872,0,19.45,1,NULL,NULL,NULL,NULL,NULL,NULL,NULL,NULL,NULL,NULL
2923,1238,1/26/20,20087,NULL,51,NULL,0.0025,1.37,NULL,69.71,NULL,0.3633,0,191.88,18,NULL,NULL,NULL,NULL,NULL,NULL,NULL,NULL,NULL,NULL
2924,1230,1/26/20,8130,NULL,4,NULL,0.0005,0.54,NULL,2.14,NULL,0.0564,0,37.96,3,NULL,NULL,NULL,NULL,NULL,NULL,NULL,NULL,NULL,NULL
2925,1237,1/26/20,1427,NULL,20,NULL,0.014,1.02,NULL,20.31,NULL,0.0341,0,595.31,18,NULL,NULL,NULL,NULL,NULL,NULL,NULL,NULL,NULL,NULL
2926,1223,1/26/20,4340,NULL,8,NULL,0.0018,0.26,NULL,2.08,NULL,0.031,0,67.18,1,NULL,NULL,NULL,NULL,NULL,NULL,NULL,NULL,NULL,NULL
2927,1248,1/26/20,4867,NULL,31,NULL,0.0064,1.3,NULL,40.44,NULL,0.1313,0,308.01,6,NULL,NULL,NULL,NULL,NULL,NULL,NULL,NULL,NULL,NULL
2928,1245,1/26/20,4185,NULL,5,NULL,0.0012,1.09,NULL,5.47,NULL,0,0,0,0,NULL,NULL,NULL,NULL,NULL,NULL,NULL,NULL,NULL,NULL
2929,1249,1/26/20,734,NULL,4,NULL,0.0055,1.24,NULL,4.97,NULL,0.8297,0,5.99,1,NULL,NULL,NULL,NULL,NULL,NULL,NULL,NULL,NULL,NULL
2930,1243,1/26/20,153,NULL,3,NULL,0.0196,1.04,NULL,3.11,NULL,0.0551,0,56.43,4,NULL,NULL,NULL,NULL,NULL,NULL,NULL,NULL,NULL,NULL
2931,1246,1/27/20,1467,NULL,5,NULL,0.0034,1.27,NULL,6.33,NULL,0.2424,0,26.11,1,NULL,NULL,NULL,NULL,NULL,NULL,NULL,NULL,NULL,NULL
2932,1238,1/27/20,15054,NULL,54,NULL,0.0036,1.31,NULL,70.96,NULL,0.3859,0,183.88,20,NULL,NULL,NULL,NULL,NULL,NULL,NULL,NULL,NULL,NULL
2933,1233,1/27/20,2080,NULL,5,NULL,0.0024,1.16,NULL,5.81,NULL,0,0,0,0,NULL,NULL,NULL,NULL,NULL,NULL,NULL,NULL,NULL,NULL
2934,1249,1/27/20,1999,NULL,5,NULL,0.0025,0.96,NULL,4.8,NULL,0.0785,0,61.14,1,NULL,NULL,NULL,NULL,NULL,NULL,NULL,NULL,NULL,NULL
2935,1223,1/27/20,6036,NULL,16,NULL,0.0027,0.36,NULL,5.69,NULL,0.096,0,59.27,3,NULL,NULL,NULL,NULL,NULL,NULL,NULL,NULL,NULL,NULL
2936,1243,1/27/20,1017,NULL,3,NULL,0.003,0.78,NULL,2.34,NULL,0.0552,0,42.41,2,NULL,NULL,NULL,NULL,NULL,NULL,NULL,NULL,NULL,NULL
2937,1235,1/27/20,708,NULL,12,NULL,0.017,0.77,NULL,9.18,NULL,0.0703,0,130.62,8,NULL,NULL,NULL,NULL,NULL,NULL,NULL,NULL,NULL,NULL
2938,1239,1/27/20,491,NULL,16,NULL,0.0326,0.63,NULL,10.04,NULL,0.0237,0,424.45,7,NULL,NULL,NULL,NULL,NULL,NULL,NULL,NULL,NULL,NULL
2939,1248,1/27/20,7006,NULL,44,NULL,0.0063,1.16,NULL,50.94,NULL,0.1269,0,401.49,12,NULL,NULL,NULL,NULL,NULL,NULL,NULL,NULL,NULL,NULL
2940,2042,1/27/20,5090,16255,17,46,0.0033,0.87,1.42,14.83,65.1,0.091,0,163.04,2,NULL,NULL,NULL,NULL,NULL,NULL,NULL,NULL,NULL,NULL
2941,1252,1/27/20,997,NULL,5,NULL,0.005,0.91,NULL,4.57,NULL,0.5095,0,8.97,1,NULL,NULL,NULL,NULL,NULL,NULL,NULL,NULL,NULL,NULL
2942,1245,1/27/20,2320,NULL,5,NULL,0.0022,1.05,NULL,5.24,NULL,0.2607,0,20.1,1,NULL,NULL,NULL,NULL,NULL,NULL,NULL,NULL,NULL,NULL
2943,1230,1/27/20,7490,NULL,11,NULL,0.0015,0.52,NULL,5.68,NULL,0.0998,0,56.94,5,NULL,NULL,NULL,NULL,NULL,NULL,NULL,NULL,NULL,NULL
2944,1237,1/27/20,1146,NULL,25,NULL,0.0218,0.93,NULL,23.28,NULL,0.0718,0,324.17,14,NULL,NULL,NULL,NULL,NULL,NULL,NULL,NULL,NULL,NULL
2945,1239,1/28/20,729,NULL,22,NULL,0.0302,0.53,NULL,11.71,NULL,0.0711,0,164.75,9,NULL,NULL,NULL,NULL,NULL,NULL,NULL,NULL,NULL,NULL
2946,1245,1/28/20,3023,NULL,5,NULL,0.0017,1.06,NULL,5.28,NULL,0.8224,0,6.42,1,NULL,NULL,NULL,NULL,NULL,NULL,NULL,NULL,NULL,NULL
2947,1235,1/28/20,786,NULL,16,NULL,0.0204,0.35,NULL,5.64,NULL,0.027,0,208.78,7,NULL,NULL,NULL,NULL,NULL,NULL,NULL,NULL,NULL,NULL
2948,1243,1/28/20,1633,NULL,9,NULL,0.0055,0.65,NULL,5.85,NULL,0.0276,0,212.28,9,NULL,NULL,NULL,NULL,NULL,NULL,NULL,NULL,NULL,NULL
2949,1248,1/28/20,10332,NULL,42,NULL,0.0041,1.23,NULL,51.59,NULL,0.4338,0,118.92,5,NULL,NULL,NULL,NULL,NULL,NULL,NULL,NULL,NULL,NULL
2950,2042,1/28/20,5176,12872,19,65,0.0037,0.89,1.35,16.85,87.46,0.35,0,48.15,4,NULL,NULL,NULL,NULL,NULL,NULL,NULL,NULL,NULL,NULL
2951,1252,1/28/20,1582,NULL,7,NULL,0.0044,0.78,NULL,5.47,NULL,0.043,0,127.22,6,NULL,NULL,NULL,NULL,NULL,NULL,NULL,NULL,NULL,NULL
2952,1223,1/28/20,3263,NULL,14,NULL,0.0043,0.4,NULL,5.57,NULL,1.7352,0,3.21,1,NULL,NULL,NULL,NULL,NULL,NULL,NULL,NULL,NULL,NULL
2953,1230,1/28/20,9375,NULL,7,NULL,0.0008,0.48,NULL,3.36,NULL,0.116,0,28.96,4,NULL,NULL,NULL,NULL,NULL,NULL,NULL,NULL,NULL,NULL
2954,1237,1/28/20,1363,NULL,24,NULL,0.0176,0.9,NULL,21.69,NULL,0.1375,0,157.77,10,NULL,NULL,NULL,NULL,NULL,NULL,NULL,NULL,NULL,NULL
2955,1233,1/28/20,734,NULL,4,NULL,0.0055,1.31,NULL,5.23,NULL,0.8731,0,5.99,1,NULL,NULL,NULL,NULL,NULL,NULL,NULL,NULL,NULL,NULL
2956,1246,1/28/20,1432,NULL,5,NULL,0.0035,1.45,NULL,7.25,NULL,0,0,0,0,NULL,NULL,NULL,NULL,NULL,NULL,NULL,NULL,NULL,NULL
2957,1249,1/28/20,4021,NULL,7,NULL,0.0017,0.78,NULL,5.44,NULL,0.071,0,76.61,3,NULL,NULL,NULL,NULL,NULL,NULL,NULL,NULL,NULL,NULL
2958,1238,1/28/20,17133,NULL,51,NULL,0.003,1.45,NULL,73.73,NULL,0.3373,0,218.6,19,NULL,NULL,NULL,NULL,NULL,NULL,NULL,NULL,NULL,NULL
2959,1245,1/29/20,1565,NULL,5,NULL,0.0032,1.07,NULL,5.34,NULL,0.345,0,15.48,1,NULL,NULL,NULL,NULL,NULL,NULL,NULL,NULL,NULL,NULL
2960,1243,1/29/20,1422,NULL,9,NULL,0.0063,0.64,NULL,5.75,NULL,0.3052,0,18.84,1,NULL,NULL,NULL,NULL,NULL,NULL,NULL,NULL,NULL,NULL
2961,1237,1/29/20,1423,NULL,19,NULL,0.0134,1.13,NULL,21.47,NULL,0.0635,0,338.1,8,NULL,NULL,NULL,NULL,NULL,NULL,NULL,NULL,NULL,NULL
2962,1230,1/29/20,7411,NULL,6,NULL,0.0008,0.48,NULL,2.88,NULL,0.22,0,13.09,2,NULL,NULL,NULL,NULL,NULL,NULL,NULL,NULL,NULL,NULL
2963,1233,1/29/20,431,NULL,3,NULL,0.007,1.79,NULL,5.37,NULL,0,0,0,0,NULL,NULL,NULL,NULL,NULL,NULL,NULL,NULL,NULL,NULL
2964,1238,1/29/20,24263,NULL,60,NULL,0.0025,1.15,NULL,69.24,NULL,0.1873,0,369.66,23,NULL,NULL,NULL,NULL,NULL,NULL,NULL,NULL,NULL,NULL
2965,1249,1/29/20,729,NULL,6,NULL,0.0082,0.79,NULL,4.71,NULL,0.4057,0,11.61,1,NULL,NULL,NULL,NULL,NULL,NULL,NULL,NULL,NULL,NULL
2966,1246,1/29/20,1873,NULL,6,NULL,0.0032,0.96,NULL,5.77,NULL,0.0603,0,95.67,2,NULL,NULL,NULL,NULL,NULL,NULL,NULL,NULL,NULL,NULL
2967,1252,1/29/20,2867,NULL,10,NULL,0.0035,0.55,NULL,5.54,NULL,0.1306,0,42.42,7,NULL,NULL,NULL,NULL,NULL,NULL,NULL,NULL,NULL,NULL
2968,2042,1/29/20,7487,12017,18,53,0.0024,0.85,1.36,15.32,72.09,0.7877,0,19.45,1,NULL,NULL,NULL,NULL,NULL,NULL,NULL,NULL,NULL,NULL
2969,1235,1/29/20,2108,NULL,11,NULL,0.0052,0.42,NULL,4.58,NULL,0.1284,0,35.67,4,NULL,NULL,NULL,NULL,NULL,NULL,NULL,NULL,NULL,NULL
2970,1223,1/29/20,3023,NULL,18,NULL,0.006,0.33,NULL,5.9,NULL,0.0859,0,68.7,3,NULL,NULL,NULL,NULL,NULL,NULL,NULL,NULL,NULL,NULL
2971,1248,1/29/20,9791,NULL,39,NULL,0.004,1.16,NULL,45.43,NULL,0.1122,0,404.9,8,NULL,NULL,NULL,NULL,NULL,NULL,NULL,NULL,NULL,NULL
2972,1245,1/30/20,610,NULL,5,NULL,0.0082,1.26,NULL,6.32,NULL,0.1192,0,53.04,1,NULL,NULL,NULL,NULL,NULL,NULL,NULL,NULL,NULL,NULL
2973,1243,1/30/20,489,NULL,8,NULL,0.0164,0.73,NULL,5.86,NULL,0.1382,0,42.41,2,NULL,NULL,NULL,NULL,NULL,NULL,NULL,NULL,NULL,NULL
2974,1252,1/30/20,183,NULL,4,NULL,0.0219,1.27,NULL,5.06,NULL,0,0,0,0,NULL,NULL,NULL,NULL,NULL,NULL,NULL,NULL,NULL,NULL
2975,2042,1/30/20,5093,14463,18,39,0.0035,0.8,1.46,14.42,56.88,0.1744,0,82.7,4,NULL,NULL,NULL,NULL,NULL,NULL,NULL,NULL,NULL,NULL
2976,1248,1/30/20,5294,NULL,43,NULL,0.0081,1.11,NULL,47.78,NULL,0.2373,0,201.32,5,NULL,NULL,NULL,NULL,NULL,NULL,NULL,NULL,NULL,NULL
2977,1233,1/30/20,1195,NULL,1,NULL,0.0008,1.23,NULL,1.23,NULL,0,0,0,0,NULL,NULL,NULL,NULL,NULL,NULL,NULL,NULL,NULL,NULL
2978,3284,1/30/20,14,NULL,0,NULL,0,0,NULL,0,NULL,0,0,0,0,NULL,NULL,NULL,NULL,NULL,NULL,NULL,NULL,NULL,NULL
2979,1223,1/30/20,3541,NULL,12,NULL,0.0034,0.45,NULL,5.38,NULL,0,0,0,0,NULL,NULL,NULL,NULL,NULL,NULL,NULL,NULL,NULL,NULL
2980,1235,1/30/20,3170,NULL,22,NULL,0.0069,0.48,NULL,10.62,NULL,0.0273,0,388.63,16,NULL,NULL,NULL,NULL,NULL,NULL,NULL,NULL,NULL,NULL
2981,1246,1/30/20,2059,NULL,5,NULL,0.0024,1.05,NULL,5.25,NULL,0.0427,0,122.95,6,NULL,NULL,NULL,NULL,NULL,NULL,NULL,NULL,NULL,NULL
2982,1239,1/30/20,489,NULL,17,NULL,0.0348,0.64,NULL,10.82,NULL,0.0176,0,614.05,15,NULL,NULL,NULL,NULL,NULL,NULL,NULL,NULL,NULL,NULL
2983,1249,1/30/20,282,NULL,0,NULL,0,0,NULL,0,NULL,0,0,0,0,NULL,NULL,NULL,NULL,NULL,NULL,NULL,NULL,NULL,NULL
2984,1230,1/30/20,11864,NULL,7,NULL,0.0006,0.5,NULL,3.47,NULL,0.1828,0,18.98,2,NULL,NULL,NULL,NULL,NULL,NULL,NULL,NULL,NULL,NULL
2985,1237,1/30/20,1033,NULL,22,NULL,0.0213,0.93,NULL,20.52,NULL,0.1217,0,168.65,6,NULL,NULL,NULL,NULL,NULL,NULL,NULL,NULL,NULL,NULL
2986,1238,1/30/20,14941,NULL,53,NULL,0.0036,1.31,NULL,69.33,NULL,0.4708,0,147.26,11,NULL,NULL,NULL,NULL,NULL,NULL,NULL,NULL,NULL,NULL
2987,1249,1/31/20,77,NULL,0,NULL,0,0,NULL,0,NULL,0,0,0,0,NULL,NULL,NULL,NULL,NULL,NULL,NULL,NULL,NULL,NULL
2988,1239,1/31/20,421,NULL,13,NULL,0.0309,0.77,NULL,9.98,NULL,0.0703,0,142,3,NULL,NULL,NULL,NULL,NULL,NULL,NULL,NULL,NULL,NULL
2989,1246,1/31/20,626,NULL,5,NULL,0.008,1.09,NULL,5.44,NULL,0.1005,0,54.14,1,NULL,NULL,NULL,NULL,NULL,NULL,NULL,NULL,NULL,NULL
2990,2042,1/31/20,840,12914,2,53,0.0024,1.15,1.34,2.3,71.03,0,0,0,0,NULL,NULL,NULL,NULL,NULL,NULL,NULL,NULL,NULL,NULL
2991,1252,1/31/20,526,NULL,6,NULL,0.0114,1.04,NULL,6.26,NULL,0.0936,0,66.86,4,NULL,NULL,NULL,NULL,NULL,NULL,NULL,NULL,NULL,NULL
2992,1237,1/31/20,1004,NULL,21,NULL,0.0209,0.92,NULL,19.36,NULL,0.0451,0,429.71,10,NULL,NULL,NULL,NULL,NULL,NULL,NULL,NULL,NULL,NULL
2993,1230,1/31/20,3122,NULL,4,NULL,0.0013,0.45,NULL,1.81,NULL,0,0,0,0,NULL,NULL,NULL,NULL,NULL,NULL,NULL,NULL,NULL,NULL
2994,1235,1/31/20,597,NULL,2,NULL,0.0034,0.37,NULL,0.73,NULL,0.0769,0,9.49,1,NULL,NULL,NULL,NULL,NULL,NULL,NULL,NULL,NULL,NULL
2995,1243,1/31/20,338,NULL,3,NULL,0.0089,0.72,NULL,2.17,NULL,0,0,0,0,NULL,NULL,NULL,NULL,NULL,NULL,NULL,NULL,NULL,NULL
2996,1248,1/31/20,6922,NULL,40,NULL,0.0058,1.22,NULL,48.73,NULL,0.1959,0,248.78,7,NULL,NULL,NULL,NULL,NULL,NULL,NULL,NULL,NULL,NULL
2997,1245,1/31/20,381,NULL,5,NULL,0.0131,0.93,NULL,4.63,NULL,0,0,0,0,NULL,NULL,NULL,NULL,NULL,NULL,NULL,NULL,NULL,NULL
2998,1223,1/31/20,3191,NULL,16,NULL,0.005,0.34,NULL,5.37,NULL,0.0747,0,71.92,2,NULL,NULL,NULL,NULL,NULL,NULL,NULL,NULL,NULL,NULL
2999,3284,1/31/20,72,NULL,2,NULL,0.0278,0.95,NULL,1.89,NULL,0,0,0,0,NULL,NULL,NULL,NULL,NULL,NULL,NULL,NULL,NULL,NULL
3000,1233,1/31/20,284,NULL,0,NULL,0,0,NULL,0,NULL,0,0,0,0,NULL,NULL,NULL,NULL,NULL,NULL,NULL,NULL,NULL,NULL
3001,1238,1/31/20,5389,NULL,14,NULL,0.0026,1.53,NULL,21.46,NULL,1.1307,0,18.98,2,NULL,NULL,NULL,NULL,NULL,NULL,NULL,NULL,NULL,NULL
3002,1245,2/1/20,1136,NULL,10,NULL,0.0088,1.03,NULL,10.28,NULL,0,0,0,0,NULL,NULL,NULL,NULL,NULL,NULL,NULL,NULL,NULL,NULL
3003,1243,2/1/20,201,NULL,2,NULL,0.01,1.09,NULL,2.17,NULL,0.0576,0,37.68,2,NULL,NULL,NULL,NULL,NULL,NULL,NULL,NULL,NULL,NULL
3004,1223,2/1/20,2649,NULL,12,NULL,0.0045,0.45,NULL,5.34,NULL,0,0,0,0,NULL,NULL,NULL,NULL,NULL,NULL,NULL,NULL,NULL,NULL
3005,1249,2/1/20,36,NULL,0,NULL,0,0,NULL,0,NULL,0,0,0,0,NULL,NULL,NULL,NULL,NULL,NULL,NULL,NULL,NULL,NULL
3006,1246,2/1/20,1429,NULL,5,NULL,0.0035,1.03,NULL,5.16,NULL,0.1178,0,43.81,2,NULL,NULL,NULL,NULL,NULL,NULL,NULL,NULL,NULL,NULL
3007,1230,2/1/20,5761,NULL,6,NULL,0.001,0.48,NULL,2.87,NULL,0,0,0,0,NULL,NULL,NULL,NULL,NULL,NULL,NULL,NULL,NULL,NULL
3008,3284,2/1/20,32,NULL,0,NULL,0,0,NULL,0,NULL,0,0,0,0,NULL,NULL,NULL,NULL,NULL,NULL,NULL,NULL,NULL,NULL
3009,1238,2/1/20,13689,NULL,43,NULL,0.0031,1.42,NULL,61.21,NULL,0.4607,0,132.86,11,NULL,NULL,NULL,NULL,NULL,NULL,NULL,NULL,NULL,NULL
3010,1248,2/1/20,16389,NULL,38,NULL,0.0023,1.43,NULL,54.39,NULL,2.7964,0,19.45,1,NULL,NULL,NULL,NULL,NULL,NULL,NULL,NULL,NULL,NULL
3011,2042,2/1/20,4718,12068,17,34,0.0036,0.94,1.22,15.93,41.37,0.2942,0,54.14,2,NULL,NULL,NULL,NULL,NULL,NULL,NULL,NULL,NULL,NULL
3012,1235,2/1/20,610,NULL,3,NULL,0.0049,0.29,NULL,0.88,NULL,0.0927,0,9.49,1,NULL,NULL,NULL,NULL,NULL,NULL,NULL,NULL,NULL,NULL
3013,1239,2/1/20,1497,NULL,19,NULL,0.0127,0.61,NULL,11.52,NULL,0.0384,0,299.72,10,NULL,NULL,NULL,NULL,NULL,NULL,NULL,NULL,NULL,NULL
3014,1252,2/1/20,1041,NULL,5,NULL,0.0048,0.93,NULL,4.67,NULL,0.6681,0,6.99,1,NULL,NULL,NULL,NULL,NULL,NULL,NULL,NULL,NULL,NULL
3015,1233,2/1/20,151,NULL,0,NULL,0,0,NULL,0,NULL,0,0,0,0,NULL,NULL,NULL,NULL,NULL,NULL,NULL,NULL,NULL,NULL
3016,1237,2/1/20,2453,NULL,25,NULL,0.0102,0.81,NULL,20.37,NULL,0.0952,0,213.95,6,NULL,NULL,NULL,NULL,NULL,NULL,NULL,NULL,NULL,NULL
3017,1252,2/2/20,1393,NULL,8,NULL,0.0057,0.65,NULL,5.2,NULL,0.1967,0,26.44,2,NULL,NULL,NULL,NULL,NULL,NULL,NULL,NULL,NULL,NULL
3018,1243,2/2/20,399,NULL,7,NULL,0.0175,0.47,NULL,3.29,NULL,0.0317,0,103.82,6,NULL,NULL,NULL,NULL,NULL,NULL,NULL,NULL,NULL,NULL
3019,1245,2/2/20,1413,NULL,4,NULL,0.0028,1.36,NULL,5.44,NULL,0.201,0,27.07,1,NULL,NULL,NULL,NULL,NULL,NULL,NULL,NULL,NULL,NULL
3020,1239,2/2/20,586,NULL,12,NULL,0.0205,0.84,NULL,10.07,NULL,0.0668,0,150.66,3,NULL,NULL,NULL,NULL,NULL,NULL,NULL,NULL,NULL,NULL
3021,1246,2/2/20,496,NULL,5,NULL,0.0101,1.07,NULL,5.34,NULL,0.0406,0,131.43,4,NULL,NULL,NULL,NULL,NULL,NULL,NULL,NULL,NULL,NULL
3022,1235,2/2/20,1597,NULL,10,NULL,0.0063,0.39,NULL,3.94,NULL,0.0235,0,168.02,6,NULL,NULL,NULL,NULL,NULL,NULL,NULL,NULL,NULL,NULL
3023,1223,2/2/20,4412,NULL,16,NULL,0.0036,0.34,NULL,5.47,NULL,0.0958,0,57.13,2,NULL,NULL,NULL,NULL,NULL,NULL,NULL,NULL,NULL,NULL
3024,1248,2/2/20,3320,NULL,43,NULL,0.013,1.19,NULL,51.17,NULL,0.4398,0,116.35,4,NULL,NULL,NULL,NULL,NULL,NULL,NULL,NULL,NULL,NULL
3025,1233,2/2/20,717,NULL,1,NULL,0.0014,0.89,NULL,0.89,NULL,0,0,0,0,NULL,NULL,NULL,NULL,NULL,NULL,NULL,NULL,NULL,NULL
3026,1230,2/2/20,25371,NULL,13,NULL,0.0005,0.43,NULL,5.53,NULL,0.1056,0,52.36,5,NULL,NULL,NULL,NULL,NULL,NULL,NULL,NULL,NULL,NULL
3027,1249,2/2/20,144,NULL,1,NULL,0.0069,1.32,NULL,1.32,NULL,0,0,0,0,NULL,NULL,NULL,NULL,NULL,NULL,NULL,NULL,NULL,NULL
3028,2042,2/2/20,3514,11472,19,45,0.0054,0.8,1.39,15.29,62.36,0.2748,0,55.64,2,NULL,NULL,NULL,NULL,NULL,NULL,NULL,NULL,NULL,NULL
3029,3284,2/2/20,60,NULL,1,NULL,0.0167,0.41,NULL,0.41,NULL,0,0,0,0,NULL,NULL,NULL,NULL,NULL,NULL,NULL,NULL,NULL,NULL
3030,1238,2/2/20,19471,NULL,48,NULL,0.0025,1.26,NULL,60.29,NULL,0.3329,0,181.11,13,NULL,NULL,NULL,NULL,NULL,NULL,NULL,NULL,NULL,NULL
3031,1237,2/2/20,1893,NULL,19,NULL,0.01,1.06,NULL,20.22,NULL,0.1515,0,133.44,6,NULL,NULL,NULL,NULL,NULL,NULL,NULL,NULL,NULL,NULL
3032,1252,2/3/20,1100,NULL,6,NULL,0.0055,0.72,NULL,4.34,NULL,0.3104,0,13.98,2,NULL,NULL,NULL,NULL,NULL,NULL,NULL,NULL,NULL,NULL
3033,1245,2/3/20,1542,NULL,6,NULL,0.0039,1.22,NULL,7.34,NULL,0,0,0,0,NULL,NULL,NULL,NULL,NULL,NULL,NULL,NULL,NULL,NULL
3034,3284,2/3/20,23,NULL,1,NULL,0.0435,0.5,NULL,0.5,NULL,0,0,0,0,NULL,NULL,NULL,NULL,NULL,NULL,NULL,NULL,NULL,NULL
3035,1243,2/3/20,540,NULL,5,NULL,0.0093,0.51,NULL,2.56,NULL,0.02,0,128.09,5,NULL,NULL,NULL,NULL,NULL,NULL,NULL,NULL,NULL,NULL
3036,1249,2/3/20,223,NULL,0,NULL,0,0,NULL,0,NULL,0,0,0,0,NULL,NULL,NULL,NULL,NULL,NULL,NULL,NULL,NULL,NULL
3037,1230,2/3/20,29996,NULL,16,NULL,0.0005,0.34,NULL,5.51,NULL,0,0,0,0,NULL,NULL,NULL,NULL,NULL,NULL,NULL,NULL,NULL,NULL
3038,1223,2/3/20,13914,NULL,37,NULL,0.0027,0.41,NULL,15.24,NULL,0.1291,0,118.08,5,NULL,NULL,NULL,NULL,NULL,NULL,NULL,NULL,NULL,NULL
3039,1246,2/3/20,1220,NULL,5,NULL,0.0041,1,NULL,4.99,NULL,0.1083,0,46.08,2,NULL,NULL,NULL,NULL,NULL,NULL,NULL,NULL,NULL,NULL
3040,1237,2/3/20,1672,NULL,21,NULL,0.0126,0.99,NULL,20.72,NULL,0.1111,0,186.49,5,NULL,NULL,NULL,NULL,NULL,NULL,NULL,NULL,NULL,NULL
3041,1248,2/3/20,41454,NULL,146,NULL,0.0035,1.24,NULL,180.33,NULL,0.596,0,302.55,9,NULL,NULL,NULL,NULL,NULL,NULL,NULL,NULL,NULL,NULL
3042,1235,2/3/20,756,NULL,14,NULL,0.0185,0.75,NULL,10.45,NULL,0.1128,0,92.64,9,NULL,NULL,NULL,NULL,NULL,NULL,NULL,NULL,NULL,NULL
3043,1238,2/3/20,14939,NULL,46,NULL,0.0031,1.31,NULL,60.11,NULL,0.5396,0,111.4,10,NULL,NULL,NULL,NULL,NULL,NULL,NULL,NULL,NULL,NULL
3044,1239,2/3/20,668,NULL,16,NULL,0.024,0.62,NULL,9.85,NULL,0.0549,0,179.3,12,NULL,NULL,NULL,NULL,NULL,NULL,NULL,NULL,NULL,NULL
3045,1233,2/3/20,1613,NULL,1,NULL,0.0006,0.94,NULL,0.94,NULL,0,0,0,0,NULL,NULL,NULL,NULL,NULL,NULL,NULL,NULL,NULL,NULL
3046,2042,2/3/20,4064,10545,18,36,0.0044,0.9,1.54,16.2,55.56,0.5985,0,27.07,1,NULL,NULL,NULL,NULL,NULL,NULL,NULL,NULL,NULL,NULL
3047,1246,2/4/20,841,NULL,6,NULL,0.0071,0.88,NULL,5.26,NULL,0.0911,0,57.74,3,NULL,NULL,NULL,NULL,NULL,NULL,NULL,NULL,NULL,NULL
3048,1230,2/4/20,25656,NULL,12,NULL,0.0005,0.44,NULL,5.3,NULL,1.4722,0,3.6,1,NULL,NULL,NULL,NULL,NULL,NULL,NULL,NULL,NULL,NULL
3049,1249,2/4/20,311,NULL,1,NULL,0.0032,0.32,NULL,0.32,NULL,0,0,0,0,NULL,NULL,NULL,NULL,NULL,NULL,NULL,NULL,NULL,NULL
3050,1248,2/4/20,65694,NULL,210,NULL,0.0032,1.2,NULL,251.82,NULL,0.994,0,253.34,7,NULL,NULL,NULL,NULL,NULL,NULL,NULL,NULL,NULL,NULL
3051,1243,2/4/20,635,NULL,15,NULL,0.0236,0.79,NULL,11.85,NULL,0.1132,0,104.7,5,NULL,NULL,NULL,NULL,NULL,NULL,NULL,NULL,NULL,NULL
3052,1252,2/4/20,58,NULL,0,NULL,0,0,NULL,0,NULL,0,0,0,0,NULL,NULL,NULL,NULL,NULL,NULL,NULL,NULL,NULL,NULL
3053,1239,2/4/20,514,NULL,38,NULL,0.0739,0.79,NULL,30.04,NULL,0.2712,0,110.77,6,NULL,NULL,NULL,NULL,NULL,NULL,NULL,NULL,NULL,NULL
3054,1238,2/4/20,23057,NULL,60,NULL,0.0026,1.14,NULL,68.57,NULL,0.4329,0,158.4,23,NULL,NULL,NULL,NULL,NULL,NULL,NULL,NULL,NULL,NULL
3055,1245,2/4/20,1351,NULL,7,NULL,0.0052,1.15,NULL,8.08,NULL,0,0,0,0,NULL,NULL,NULL,NULL,NULL,NULL,NULL,NULL,NULL,NULL
3056,2042,2/4/20,7564,12554,17,48,0.0023,0.89,1.25,15.2,60.01,0.1519,0,100.05,3,NULL,NULL,NULL,NULL,NULL,NULL,NULL,NULL,NULL,NULL
3057,1237,2/4/20,381,NULL,4,NULL,0.0105,1.27,NULL,5.08,NULL,0.0958,0,53.04,1,NULL,NULL,NULL,NULL,NULL,NULL,NULL,NULL,NULL,NULL
3058,1223,2/4/20,8334,NULL,39,NULL,0.0047,0.38,NULL,15,NULL,0.2553,0,58.75,3,NULL,NULL,NULL,NULL,NULL,NULL,NULL,NULL,NULL,NULL
3059,1233,2/4/20,1531,NULL,0,NULL,0,0,NULL,0,NULL,0,0,0,0,NULL,NULL,NULL,NULL,NULL,NULL,NULL,NULL,NULL,NULL
3060,1235,2/4/20,620,NULL,11,NULL,0.0177,0.93,NULL,10.26,NULL,0.093,0,110.37,10,NULL,NULL,NULL,NULL,NULL,NULL,NULL,NULL,NULL,NULL
3061,3284,2/4/20,34,NULL,0,NULL,0,0,NULL,0,NULL,0,0,0,0,NULL,NULL,NULL,NULL,NULL,NULL,NULL,NULL,NULL,NULL
3062,1248,2/5/20,21234,NULL,50,NULL,0.0024,1.22,NULL,60.8,NULL,0,0,0,0,NULL,NULL,NULL,NULL,NULL,NULL,NULL,NULL,NULL,NULL
3063,1243,2/5/20,662,NULL,11,NULL,0.0166,0.7,NULL,7.67,NULL,0.0885,0,86.7,3,NULL,NULL,NULL,NULL,NULL,NULL,NULL,NULL,NULL,NULL
3064,1230,2/5/20,29806,NULL,11,NULL,0.0004,0.41,NULL,4.46,NULL,0.2065,0,21.6,1,NULL,NULL,NULL,NULL,NULL,NULL,NULL,NULL,NULL,NULL
3065,1237,2/5/20,282,NULL,12,NULL,0.0426,0.85,NULL,10.23,NULL,0.0648,0,157.98,6,NULL,NULL,NULL,NULL,NULL,NULL,NULL,NULL,NULL,NULL
3066,1239,2/5/20,628,NULL,19,NULL,0.0303,0.7,NULL,13.38,NULL,0.0224,0,596.6,10,NULL,NULL,NULL,NULL,NULL,NULL,NULL,NULL,NULL,NULL
3067,1238,2/5/20,28316,NULL,98,NULL,0.0035,1.23,NULL,120.25,NULL,0.5813,0,206.88,25,NULL,NULL,NULL,NULL,NULL,NULL,NULL,NULL,NULL,NULL
3068,1252,2/5/20,64,NULL,0,NULL,0,0,NULL,0,NULL,0,0,0,0,NULL,NULL,NULL,NULL,NULL,NULL,NULL,NULL,NULL,NULL
3069,2042,2/5/20,5961,12653,27,51,0.0045,0.78,1.37,21.02,70.06,0.1877,0,112.01,3,NULL,NULL,NULL,NULL,NULL,NULL,NULL,NULL,NULL,NULL
3070,1245,2/5/20,345,NULL,5,NULL,0.0145,1.25,NULL,6.27,NULL,0.1201,0,52.22,1,NULL,NULL,NULL,NULL,NULL,NULL,NULL,NULL,NULL,NULL
3071,3284,2/5/20,4,NULL,0,NULL,0,0,NULL,0,NULL,0,0,0,0,NULL,NULL,NULL,NULL,NULL,NULL,NULL,NULL,NULL,NULL
3072,1233,2/5/20,836,NULL,2,NULL,0.0024,1.28,NULL,2.55,NULL,0,0,0,0,NULL,NULL,NULL,NULL,NULL,NULL,NULL,NULL,NULL,NULL
3073,1246,2/5/20,11219,NULL,18,NULL,0.0016,0.86,NULL,15.44,NULL,0.1141,0,135.35,5,NULL,NULL,NULL,NULL,NULL,NULL,NULL,NULL,NULL,NULL
3074,1235,2/5/20,577,NULL,13,NULL,0.0225,0.93,NULL,12.11,NULL,0.06,0,201.74,8,NULL,NULL,NULL,NULL,NULL,NULL,NULL,NULL,NULL,NULL
3075,1249,2/5/20,648,NULL,4,NULL,0.0062,1.08,NULL,4.33,NULL,0,0,0,0,NULL,NULL,NULL,NULL,NULL,NULL,NULL,NULL,NULL,NULL
3076,1223,2/5/20,10604,NULL,38,NULL,0.0036,0.4,NULL,15.05,NULL,0,0,0,0,NULL,NULL,NULL,NULL,NULL,NULL,NULL,NULL,NULL,NULL
3077,1252,2/6/20,333,NULL,1,NULL,0.003,0.4,NULL,0.4,NULL,0,0,0,0,NULL,NULL,NULL,NULL,NULL,NULL,NULL,NULL,NULL,NULL
3078,1233,2/6/20,1118,NULL,0,NULL,0,0,NULL,0,NULL,0,0,0,0,NULL,NULL,NULL,NULL,NULL,NULL,NULL,NULL,NULL,NULL
3079,3284,2/6/20,6,NULL,0,NULL,0,0,NULL,0,NULL,0,0,0,0,NULL,NULL,NULL,NULL,NULL,NULL,NULL,NULL,NULL,NULL
3080,1245,2/6/20,7894,NULL,16,NULL,0.002,0.87,NULL,13.93,NULL,0,0,0,0,NULL,NULL,NULL,NULL,NULL,NULL,NULL,NULL,NULL,NULL
3081,1239,2/6/20,331,NULL,9,NULL,0.0272,0.69,NULL,6.19,NULL,0.1849,0,33.48,2,NULL,NULL,NULL,NULL,NULL,NULL,NULL,NULL,NULL,NULL
3082,1238,2/6/20,29750,NULL,93,NULL,0.0031,1.41,NULL,131.33,NULL,0.6802,0,193.09,18,NULL,NULL,NULL,NULL,NULL,NULL,NULL,NULL,NULL,NULL
3083,1223,2/6/20,20014,NULL,52,NULL,0.0026,0.39,NULL,20.47,NULL,0.2585,0,79.2,1,NULL,NULL,NULL,NULL,NULL,NULL,NULL,NULL,NULL,NULL
3084,1235,2/6/20,706,NULL,9,NULL,0.0128,0.88,NULL,7.89,NULL,0.1327,0,59.47,4,NULL,NULL,NULL,NULL,NULL,NULL,NULL,NULL,NULL,NULL
3085,1230,2/6/20,9334,NULL,11,NULL,0.0012,0.47,NULL,5.16,NULL,0.166,0,31.09,4,NULL,NULL,NULL,NULL,NULL,NULL,NULL,NULL,NULL,NULL
3086,1237,2/6/20,511,NULL,7,NULL,0.0137,0.89,NULL,6.22,NULL,0.0274,0,227.28,4,NULL,NULL,NULL,NULL,NULL,NULL,NULL,NULL,NULL,NULL
3087,1246,2/6/20,7203,NULL,25,NULL,0.0035,0.72,NULL,18.09,NULL,0.0945,0,191.52,1,NULL,NULL,NULL,NULL,NULL,NULL,NULL,NULL,NULL,NULL
3088,1243,2/6/20,455,NULL,2,NULL,0.0044,0.72,NULL,1.44,NULL,0.0764,0,18.84,1,NULL,NULL,NULL,NULL,NULL,NULL,NULL,NULL,NULL,NULL
3089,1248,2/6/20,5616,NULL,26,NULL,0.0046,1.16,NULL,30.13,NULL,0.3535,0,85.23,2,NULL,NULL,NULL,NULL,NULL,NULL,NULL,NULL,NULL,NULL
3090,1249,2/6/20,146,NULL,0,NULL,0,0,NULL,0,NULL,0,0,0,0,NULL,NULL,NULL,NULL,NULL,NULL,NULL,NULL,NULL,NULL
3091,2042,2/6/20,12420,10759,31,40,0.0025,0.81,1.31,25.2,52.59,0.9309,0,27.07,1,NULL,NULL,NULL,NULL,NULL,NULL,NULL,NULL,NULL,NULL
3092,3284,2/7/20,15,NULL,1,NULL,0.0667,0.35,NULL,0.35,NULL,0,0,0,0,NULL,NULL,NULL,NULL,NULL,NULL,NULL,NULL,NULL,NULL
3093,1246,2/7/20,9237,NULL,26,NULL,0.0028,0.93,NULL,24.1,NULL,0.8903,0,27.07,1,NULL,NULL,NULL,NULL,NULL,NULL,NULL,NULL,NULL,NULL
3094,1230,2/7/20,9086,NULL,8,NULL,0.0009,0.5,NULL,3.99,NULL,0,0,0,0,NULL,NULL,NULL,NULL,NULL,NULL,NULL,NULL,NULL,NULL
3095,1252,2/7/20,1199,NULL,9,NULL,0.0075,0.59,NULL,5.32,NULL,0.0719,0,73.99,7,NULL,NULL,NULL,NULL,NULL,NULL,NULL,NULL,NULL,NULL
3096,2042,2/7/20,10773,10844,35,54,0.0033,0.83,1.45,29.11,78.23,0.2518,0,115.63,3,NULL,NULL,NULL,NULL,NULL,NULL,NULL,NULL,NULL,NULL
3097,1237,2/7/20,224,NULL,2,NULL,0.0089,0.77,NULL,1.54,NULL,0,0,0,0,NULL,NULL,NULL,NULL,NULL,NULL,NULL,NULL,NULL,NULL
3098,1239,2/7/20,576,NULL,14,NULL,0.0243,0.7,NULL,9.84,NULL,0.098,0,100.44,5,NULL,NULL,NULL,NULL,NULL,NULL,NULL,NULL,NULL,NULL
3099,1233,2/7/20,687,NULL,2,NULL,0.0029,1.21,NULL,2.41,NULL,0,0,0,0,NULL,NULL,NULL,NULL,NULL,NULL,NULL,NULL,NULL,NULL
3100,1248,2/7/20,8066,NULL,22,NULL,0.0027,1.05,NULL,23.11,NULL,0.1259,0,183.51,5,NULL,NULL,NULL,NULL,NULL,NULL,NULL,NULL,NULL,NULL
3101,1249,2/7/20,235,NULL,3,NULL,0.0128,0.92,NULL,2.76,NULL,0,0,0,0,NULL,NULL,NULL,NULL,NULL,NULL,NULL,NULL,NULL,NULL
3102,1243,2/7/20,601,NULL,6,NULL,0.01,0.74,NULL,4.43,NULL,0.0752,0,58.93,3,NULL,NULL,NULL,NULL,NULL,NULL,NULL,NULL,NULL,NULL
3103,1223,2/7/20,19183,NULL,62,NULL,0.0032,0.41,NULL,25.5,NULL,0,0,0,0,NULL,NULL,NULL,NULL,NULL,NULL,NULL,NULL,NULL,NULL
3104,1235,2/7/20,962,NULL,23,NULL,0.0239,0.58,NULL,13.42,NULL,0.0728,0,184.23,8,NULL,NULL,NULL,NULL,NULL,NULL,NULL,NULL,NULL,NULL
3105,1245,2/7/20,11478,NULL,17,NULL,0.0015,1.18,NULL,19.98,NULL,0.7381,0,27.07,1,NULL,NULL,NULL,NULL,NULL,NULL,NULL,NULL,NULL,NULL
3106,1238,2/7/20,30145,NULL,90,NULL,0.003,1.43,NULL,128.41,NULL,0.2913,0,440.75,29,NULL,NULL,NULL,NULL,NULL,NULL,NULL,NULL,NULL,NULL
3107,1233,2/8/20,105,NULL,1,NULL,0.0095,1.06,NULL,1.06,NULL,0,0,0,0,NULL,NULL,NULL,NULL,NULL,NULL,NULL,NULL,NULL,NULL
3108,1248,2/8/20,4076,NULL,28,NULL,0.0069,0.83,NULL,23.31,NULL,0.9737,0,23.94,1,NULL,NULL,NULL,NULL,NULL,NULL,NULL,NULL,NULL,NULL
3109,1230,2/8/20,5973,NULL,10,NULL,0.0017,0.41,NULL,4.05,NULL,0,0,0,0,NULL,NULL,NULL,NULL,NULL,NULL,NULL,NULL,NULL,NULL
3110,1237,2/8/20,99,NULL,2,NULL,0.0202,1.73,NULL,3.46,NULL,0,0,0,0,NULL,NULL,NULL,NULL,NULL,NULL,NULL,NULL,NULL,NULL
3111,1249,2/8/20,269,NULL,2,NULL,0.0074,1.36,NULL,2.71,NULL,0,0,0,0,NULL,NULL,NULL,NULL,NULL,NULL,NULL,NULL,NULL,NULL
3112,1235,2/8/20,743,NULL,11,NULL,0.0148,0.51,NULL,5.66,NULL,0.0806,0,70.22,4,NULL,NULL,NULL,NULL,NULL,NULL,NULL,NULL,NULL,NULL
3113,1245,2/8/20,6333,NULL,19,NULL,0.003,0.9,NULL,17.19,NULL,0.635,0,27.07,1,NULL,NULL,NULL,NULL,NULL,NULL,NULL,NULL,NULL,NULL
3114,3284,2/8/20,25,NULL,1,NULL,0.04,1.09,NULL,1.09,NULL,0,0,0,0,NULL,NULL,NULL,NULL,NULL,NULL,NULL,NULL,NULL,NULL
3115,2042,2/8/20,11696,9007,39,37,0.0033,0.73,1.71,28.57,63.09,1.0554,0,27.07,1,NULL,NULL,NULL,NULL,NULL,NULL,NULL,NULL,NULL,NULL
3116,1252,2/8/20,431,NULL,5,NULL,0.0116,1.15,NULL,5.77,NULL,0.101,0,57.14,5,NULL,NULL,NULL,NULL,NULL,NULL,NULL,NULL,NULL,NULL
3117,1246,2/8/20,6273,NULL,27,NULL,0.0043,0.9,NULL,24.3,NULL,0.1122,0,216.56,3,NULL,NULL,NULL,NULL,NULL,NULL,NULL,NULL,NULL,NULL
3118,1223,2/8/20,16926,NULL,62,NULL,0.0037,0.4,NULL,24.9,NULL,0.4261,0,58.44,2,NULL,NULL,NULL,NULL,NULL,NULL,NULL,NULL,NULL,NULL
3119,1243,2/8/20,685,NULL,6,NULL,0.0088,0.48,NULL,2.87,NULL,0.1523,0,18.84,1,NULL,NULL,NULL,NULL,NULL,NULL,NULL,NULL,NULL,NULL
3120,1239,2/8/20,1660,NULL,30,NULL,0.0181,0.9,NULL,27.13,NULL,0.1362,0,199.23,13,NULL,NULL,NULL,NULL,NULL,NULL,NULL,NULL,NULL,NULL
3121,1238,2/8/20,58032,NULL,106,NULL,0.0018,1.2,NULL,127,NULL,0.6788,0,187.11,26,NULL,NULL,NULL,NULL,NULL,NULL,NULL,NULL,NULL,NULL
3122,330235,7/4/94,0,NULL,0,NULL,0,0,NULL,0,NULL,0,NULL,0,0,NULL,NULL,NULL,0,0,0,0,NULL,NULL,NULL
3123,330238,7/4/94,0,NULL,0,NULL,0,0,NULL,0,NULL,0,NULL,0,0,NULL,NULL,NULL,0,0,0,0,NULL,NULL,NULL
3126,330241,7/4/94,0,NULL,0,NULL,0,0,NULL,0,NULL,0,NULL,0,0,NULL,NULL,NULL,0,0,0,0,NULL,NULL,NULL
3127,330242,7/4/94,0,NULL,0,NULL,0,0,NULL,0,NULL,0,NULL,0,0,NULL,NULL,NULL,0,0,0,0,NULL,NULL,NULL
3128,330243,7/4/94,0,NULL,0,NULL,0,0,NULL,0,NULL,0,NULL,0,0,NULL,NULL,NULL,0,0,0,0,NULL,NULL,NULL
3129,330244,7/4/94,0,NULL,0,NULL,0,0,NULL,0,NULL,0,NULL,0,0,NULL,NULL,NULL,0,0,0,0,NULL,NULL,NULL
3130,330245,7/4/94,0,NULL,0,NULL,0,0,NULL,0,NULL,0,NULL,0,0,NULL,NULL,NULL,0,0,0,0,NULL,NULL,NULL
3131,330246,7/4/94,0,NULL,0,NULL,0,0,NULL,0,NULL,0,NULL,0,0,NULL,NULL,NULL,0,0,0,0,NULL,NULL,NULL
3132,330247,7/4/94,0,NULL,0,NULL,0,0,NULL,0,NULL,0,NULL,0,0,NULL,NULL,NULL,0,0,0,0,NULL,NULL,NULL
3133,330248,7/4/94,0,NULL,0,NULL,0,0,NULL,0,NULL,0,NULL,0,0,NULL,NULL,NULL,0,0,0,0,NULL,NULL,NULL
3134,330249,7/4/94,0,NULL,0,NULL,0,0,NULL,0,NULL,0,NULL,0,0,NULL,NULL,NULL,0,0,0,0,NULL,NULL,NULL
3135,330250,7/4/94,0,NULL,0,NULL,0,0,NULL,0,NULL,0,NULL,0,0,NULL,NULL,NULL,0,0,0,0,NULL,NULL,NULL
3136,330251,7/4/94,0,NULL,0,NULL,0,0,NULL,0,NULL,0,NULL,0,0,NULL,NULL,NULL,0,0,0,0,NULL,NULL,NULL
3137,330252,7/4/94,0,NULL,0,NULL,0,0,NULL,0,NULL,0,NULL,0,0,NULL,NULL,NULL,0,0,0,0,NULL,NULL,NULL
3138,330253,7/4/94,0,NULL,0,NULL,0,0,NULL,0,NULL,0,NULL,0,0,NULL,NULL,NULL,0,0,0,0,NULL,NULL,NULL
3139,330254,7/4/94,0,NULL,0,NULL,0,0,NULL,0,NULL,0,NULL,0,0,NULL,NULL,NULL,0,0,0,0,NULL,NULL,NULL
3140,330255,7/4/94,0,NULL,0,NULL,0,0,NULL,0,NULL,0,NULL,0,0,NULL,NULL,NULL,0,0,0,0,NULL,NULL,NULL
3141,330256,7/4/94,0,NULL,0,NULL,0,0,NULL,0,NULL,0,NULL,0,0,NULL,NULL,NULL,0,0,0,0,NULL,NULL,NULL
3142,330257,7/4/94,0,NULL,0,NULL,0,0,NULL,0,NULL,0,NULL,0,0,NULL,NULL,NULL,0,0,0,0,NULL,NULL,NULL
3143,330258,7/4/94,0,NULL,0,NULL,0,0,NULL,0,NULL,0,NULL,0,0,NULL,NULL,NULL,0,0,0,0,NULL,NULL,NULL
3144,330259,7/4/94,0,NULL,0,NULL,0,0,NULL,0,NULL,0,NULL,0,0,NULL,NULL,NULL,0,0,0,0,NULL,NULL,NULL
3145,330260,7/4/94,0,NULL,0,NULL,0,0,NULL,0,NULL,0,NULL,0,0,NULL,NULL,NULL,0,0,0,0,NULL,NULL,NULL
3146,330261,7/4/94,0,NULL,0,NULL,0,0,NULL,0,NULL,0,NULL,0,0,NULL,NULL,NULL,0,0,0,0,NULL,NULL,NULL
3147,330262,7/4/94,0,NULL,0,NULL,0,0,NULL,0,NULL,0,NULL,0,0,NULL,NULL,NULL,0,0,0,0,NULL,NULL,NULL
3148,330263,7/4/94,0,NULL,0,NULL,0,0,NULL,0,NULL,0,NULL,0,0,NULL,NULL,NULL,0,0,0,0,NULL,NULL,NULL
3149,330264,7/4/94,0,NULL,0,NULL,0,0,NULL,0,NULL,0,NULL,0,0,NULL,NULL,NULL,0,0,0,0,NULL,NULL,NULL
3150,330265,7/4/94,0,NULL,0,NULL,0,0,NULL,0,NULL,0,NULL,0,0,NULL,NULL,NULL,0,0,0,0,NULL,NULL,NULL
3151,330266,7/4/94,0,NULL,0,NULL,0,0,NULL,0,NULL,0,NULL,0,0,NULL,NULL,NULL,0,0,0,0,NULL,NULL,NULL
3152,330267,7/4/94,0,NULL,0,NULL,0,0,NULL,0,NULL,0,NULL,0,0,NULL,NULL,NULL,0,0,0,0,NULL,NULL,NULL
3153,330268,7/4/94,0,NULL,0,NULL,0,0,NULL,0,NULL,0,NULL,0,0,NULL,NULL,NULL,0,0,0,0,NULL,NULL,NULL
3154,330269,7/4/94,0,NULL,0,NULL,0,0,NULL,0,NULL,0,NULL,0,0,NULL,NULL,NULL,0,0,0,0,NULL,NULL,NULL
3155,330270,7/4/94,0,NULL,0,NULL,0,0,NULL,0,NULL,0,NULL,0,0,NULL,NULL,NULL,0,0,0,0,NULL,NULL,NULL
3156,330271,7/4/94,8459,NULL,45,NULL,0.00532,0.9,NULL,40.49,NULL,0.676024,NULL,59.89,3,NULL,NULL,NULL,0,0,0,0,NULL,NULL,NULL
3157,330272,7/4/94,0,NULL,0,NULL,0,0,NULL,0,NULL,0,NULL,0,0,NULL,NULL,NULL,0,0,0,0,NULL,NULL,NULL
3158,330273,7/4/94,0,NULL,0,NULL,0,0,NULL,0,NULL,0,NULL,0,0,NULL,NULL,NULL,0,0,0,0,NULL,NULL,NULL
3159,330274,7/4/94,0,NULL,0,NULL,0,0,NULL,0,NULL,0,NULL,0,0,NULL,NULL,NULL,0,0,0,0,NULL,NULL,NULL
3160,330275,7/4/94,0,NULL,0,NULL,0,0,NULL,0,NULL,0,NULL,0,0,NULL,NULL,NULL,0,0,0,0,NULL,NULL,NULL
3161,330276,7/4/94,0,NULL,0,NULL,0,0,NULL,0,NULL,0,NULL,0,0,NULL,NULL,NULL,0,0,0,0,NULL,NULL,NULL
3162,330277,7/4/94,0,NULL,0,NULL,0,0,NULL,0,NULL,0,NULL,0,0,NULL,NULL,NULL,0,0,0,0,NULL,NULL,NULL
3163,330278,7/4/94,0,NULL,0,NULL,0,0,NULL,0,NULL,0,NULL,0,0,NULL,NULL,NULL,0,0,0,0,NULL,NULL,NULL
3165,330280,7/4/94,0,NULL,0,NULL,0,0,NULL,0,NULL,0,NULL,0,0,NULL,NULL,NULL,0,0,0,0,NULL,NULL,NULL
3166,330281,7/4/94,0,NULL,0,NULL,0,0,NULL,0,NULL,0,NULL,0,0,NULL,NULL,NULL,0,0,0,0,NULL,NULL,NULL
3167,330282,7/4/94,0,NULL,0,NULL,0,0,NULL,0,NULL,0,NULL,0,0,NULL,NULL,NULL,0,0,0,0,NULL,NULL,NULL
3168,330283,7/4/94,0,NULL,0,NULL,0,0,NULL,0,NULL,0,NULL,0,0,NULL,NULL,NULL,0,0,0,0,NULL,NULL,NULL
3169,330284,7/4/94,0,NULL,0,NULL,0,0,NULL,0,NULL,0,NULL,0,0,NULL,NULL,NULL,0,0,0,0,NULL,NULL,NULL
3170,330285,7/4/94,0,NULL,0,NULL,0,0,NULL,0,NULL,0,NULL,0,0,NULL,NULL,NULL,0,0,0,0,NULL,NULL,NULL
3171,330286,7/4/94,0,NULL,0,NULL,0,0,NULL,0,NULL,0,NULL,0,0,NULL,NULL,NULL,0,0,0,0,NULL,NULL,NULL
3172,330236,7/4/94,0,NULL,0,NULL,0,0,NULL,0,NULL,0,NULL,0,0,NULL,NULL,NULL,0,0,0,0,NULL,NULL,NULL
3173,330288,7/4/94,0,NULL,0,NULL,0,0,NULL,0,NULL,0,NULL,0,0,NULL,NULL,NULL,0,0,0,0,NULL,NULL,NULL
3174,330289,7/4/94,0,NULL,0,NULL,0,0,NULL,0,NULL,0,NULL,0,0,NULL,NULL,NULL,0,0,0,0,NULL,NULL,NULL
3175,330290,7/4/94,0,NULL,0,NULL,0,0,NULL,0,NULL,0,NULL,0,0,NULL,NULL,NULL,0,0,0,0,NULL,NULL,NULL
3176,330291,7/4/94,0,NULL,0,NULL,0,0,NULL,0,NULL,0,NULL,0,0,NULL,NULL,NULL,0,0,0,0,NULL,NULL,NULL
3177,330292,7/4/94,0,NULL,0,NULL,0,0,NULL,0,NULL,0,NULL,0,0,NULL,NULL,NULL,0,0,0,0,NULL,NULL,NULL
3178,330293,7/4/94,0,NULL,0,NULL,0,0,NULL,0,NULL,0,NULL,0,0,NULL,NULL,NULL,0,0,0,0,NULL,NULL,NULL
3179,330294,7/4/94,0,NULL,0,NULL,0,0,NULL,0,NULL,0,NULL,0,0,NULL,NULL,NULL,0,0,0,0,NULL,NULL,NULL
3180,330295,7/4/94,0,NULL,0,NULL,0,0,NULL,0,NULL,0,NULL,0,0,NULL,NULL,NULL,0,0,0,0,NULL,NULL,NULL
3181,330296,7/4/94,0,NULL,0,NULL,0,0,NULL,0,NULL,0,NULL,0,0,NULL,NULL,NULL,0,0,0,0,NULL,NULL,NULL
3182,330297,7/4/94,0,NULL,0,NULL,0,0,NULL,0,NULL,0,NULL,0,0,NULL,NULL,NULL,0,0,0,0,NULL,NULL,NULL
3183,330298,7/4/94,0,NULL,0,NULL,0,0,NULL,0,NULL,0,NULL,0,0,NULL,NULL,NULL,0,0,0,0,NULL,NULL,NULL
3184,330299,7/4/94,0,NULL,0,NULL,0,0,NULL,0,NULL,0,NULL,0,0,NULL,NULL,NULL,0,0,0,0,NULL,NULL,NULL
3185,330300,7/4/94,0,NULL,0,NULL,0,0,NULL,0,NULL,0,NULL,0,0,NULL,NULL,NULL,0,0,0,0,NULL,NULL,NULL
3186,330301,7/4/94,0,NULL,0,NULL,0,0,NULL,0,NULL,0,NULL,0,0,NULL,NULL,NULL,0,0,0,0,NULL,NULL,NULL
3187,330302,7/4/94,0,NULL,0,NULL,0,0,NULL,0,NULL,0,NULL,0,0,NULL,NULL,NULL,0,0,0,0,NULL,NULL,NULL
3188,330303,7/4/94,0,NULL,0,NULL,0,0,NULL,0,NULL,0,NULL,0,0,NULL,NULL,NULL,0,0,0,0,NULL,NULL,NULL
3189,330304,7/4/94,0,NULL,0,NULL,0,0,NULL,0,NULL,0,NULL,0,0,NULL,NULL,NULL,0,0,0,0,NULL,NULL,NULL
3190,330305,7/4/94,0,NULL,0,NULL,0,0,NULL,0,NULL,0,NULL,0,0,NULL,NULL,NULL,0,0,0,0,NULL,NULL,NULL
3191,330306,7/4/94,0,NULL,0,NULL,0,0,NULL,0,NULL,0,NULL,0,0,NULL,NULL,NULL,0,0,0,0,NULL,NULL,NULL
3192,330307,7/4/94,0,NULL,0,NULL,0,0,NULL,0,NULL,0,NULL,0,0,NULL,NULL,NULL,0,0,0,0,NULL,NULL,NULL